fiscalDateEnding,quarter,reportedEPS,EPS_YOY_pct_change,estimatedEPS,surprise,totalRevenue,revenue_YOY_pct_change,netIncome,netIncome_YOY_pct_change,netProfitMargin,netProfitMargin_YOY_pct_change
2024-09-30,2024Q3,1.75,+13.0,1.82,-0.07,,+nan,,+nan,,+nan
2024-06-30,2024Q2,1.76,+33.0,1.74,0.02,1636000000.0,-12.0,179000000.0,+43.0,0.10941320293398533,+62.0
2024-03-31,2024Q1,1.64,+21.0,1.63,0.01,2216000000.0,+25.0,175000000.0,+18.0,0.078971119133574,-6.0
2023-12-31,2023Q4,1.52,+17.0,1.55,-0.03,2104000000.0,+38.0,160000000.0,+18.0,0.07604562737642585,-15.0
2023-09-30,2023Q3,1.55,+44.0,1.51,0.04,2055000000.0,+87.0,167000000.0,+69.0,0.08126520681265206,-10.0
2023-06-30,2023Q2,1.32,+57.0,1.4,-0.08,1851000000.0,+141.0,125000000.0,+74.0,0.0675310642895732,-28.0
2023-03-31,2023Q1,1.35,+65.0,1.41,-0.06,1766000000.0,+154.0,148000000.0,+103.0,0.08380520951302378,-20.0
2022-12-31,2022Q4,1.3,+57.0,1.17,0.13,1522000000.0,+131.0,136000000.0,+103.0,0.08935611038107753,-12.0
2022-09-30,2022Q3,1.08,+38.0,0.96,0.12,1100000000.0,+114.0,99000000.0,+136.0,0.09,+10.0
2022-06-30,2022Q2,0.84,+2.0,0.92,-0.08,768000000.0,-2.0,72000000.0,-22.0,0.09375,-20.0
2022-03-31,2022Q1,0.82,-16.0,0.82,0.0,695000000.0,-29.0,73000000.0,-32.0,0.10503597122302158,-4.0
2021-12-31,2021Q4,0.83,+20.0,0.82,0.01,658000000.0,+1.0,67000000.0,-6.0,0.10182370820668693,-6.0
2021-09-30,2021Q3,0.78,+47.0,0.76,0.02,515000000.0,-13.0,42000000.0,-9.0,0.08155339805825243,+5.0
2021-06-30,2021Q2,0.82,+44.0,0.82,0.0,787000000.0,+34.0,92000000.0,+188.0,0.11689961880559085,+114.0
2021-03-31,2021Q1,0.98,+63.0,0.91,0.07,978000000.0,+52.0,107000000.0,+133.0,0.10940695296523517,+53.0
2020-12-31,2020Q4,0.69,+21.0,0.59,0.1,654000000.0,+4.0,71000000.0,+61.0,0.10856269113149847,+56.0
2020-09-30,2020Q3,0.53,+18.0,0.55,-0.02,593000000.0,-8.0,46000000.0,+28.0,0.0775716694772344,+39.0
2020-06-30,2020Q2,0.57,+33.0,0.31,0.26,587000000.0,+0.0,32000000.0,+100.0,0.054514480408858604,-0.0
2020-03-31,2020Q1,0.6,-5.0,0.64,-0.04,645000000.0,-10.0,46000000.0,-6.0,0.07131782945736434,+5.0
2019-12-31,2019Q4,0.57,+100.0,0.61,-0.04,631000000.0,-0.0,44000000.0,+2.0,0.06973058637083994,+3.0
2019-09-30,2019Q3,0.45,-12.0,0.49,-0.04,643000000.0,+15.0,36000000.0,-8.0,0.05598755832037325,-20.0
2019-06-30,2019Q2,0.43,+10.0,0.53,-0.1,586000000.0,+6.0,32000000.0,-22.0,0.05460750853242321,-26.0
2019-03-31,2019Q1,0.63,-3.0,0.53,0.1,720000000.0,+16.0,49000000.0,+7.0,0.06805555555555555,-8.0
2018-12-31,2018Q4,0.57,-2950.0,0.61,-0.04,634000000.0,+7.0,43000000.0,-2250.0,0.06782334384858044,-2111.0
2018-09-30,2018Q3,0.51,+19.0,0.5,0.01,558000000.0,+15.0,39000000.0,+26.0,0.06989247311827956,+10.0
2018-06-30,2018Q2,0.39,-5.0,0.41,-0.02,553000000.0,+26.0,41000000.0,+78.0,0.07414104882459313,+41.0
2018-03-31,2018Q1,0.65,+62.0,0.59,0.06,621000000.0,+52.0,46000000.0,+92.0,0.07407407407407407,+26.0
2017-12-31,2017Q4,-0.02,-112.0,0.4,-0.42,593000000.0,+176.0,-2000000.0,-150.0,-0.003372681281618887,-118.0
2017-09-30,2017Q3,0.43,+43.0,0.38,0.05,487000000.0,+33.0,31000000.0,+55.0,0.06365503080082136,+16.0
2017-06-30,2017Q2,0.41,+14.0,0.37,0.04,438000000.0,+13.0,23000000.0,-15.0,0.05251141552511415,-25.0
2017-03-31,2017Q1,0.4,-33.0,0.39,0.01,409000000.0,-19.0,24000000.0,-27.0,0.05867970660146699,-10.0
2016-12-31,2016Q4,0.16,-11.0,0.17,-0.01,215000000.0,-26.0,4000000.0,-76.0,0.018604651162790697,-68.0
2016-09-30,2016Q3,0.3,+30.0,0.33,-0.03,366000000.0,-2.0,20000000.0,-9.0,0.0546448087431694,-7.0
2016-06-30,2016Q2,0.36,-18.0,0.35,0.01,387000000.0,-4.0,27000000.0,+17.0,0.06976744186046512,+23.0
2016-03-31,2016Q1,0.6,-350.0,0.47,0.13,507000000.0,+171.0,33000000.0,-354.0,0.0650887573964497,-194.0
2015-12-31,2015Q4,0.18,+800.0,0.26,-0.08,289000000.0,+26.0,17000000.0,+140.0,0.058823529411764705,+90.0
2015-09-30,2015Q3,0.23,-277.0,0.32,-0.09,375000000.0,+91.0,22000000.0,+589.0,0.058666666666666666,+260.0
2015-06-30,2015Q2,0.44,+52.0,0.37,0.07,405000000.0,+26.0,23000000.0,+52.0,0.056790123456790124,+20.0
2015-03-31,2015Q1,-0.24,-169.0,-0.06,-0.18,187000000.0,-49.0,-13000000.0,-168.0,-0.06951871657754011,-234.0
2014-12-31,2014Q4,0.02,-78.0,0.06,-0.04,229000000.0,-13.0,7092000.0,+96.0,0.030969432314410482,+125.0
2014-09-30,2014Q3,-0.13,-133.0,0.03,-0.16,196000000.0,-42.0,3191000.0,-81.0,0.01628061224489796,-66.0
2014-06-30,2014Q2,0.29,+107.0,0.29,0.0,321000000.0,+8.0,15161000.0,+46.0,0.04723052959501558,+35.0
2014-03-31,2014Q1,0.35,+483.0,0.3,0.05,369000000.0,+61.0,19089000.0,+191.0,0.05173170731707317,+81.0
2013-12-31,2013Q4,0.09,-55.0,0.19,-0.1,263082000.0,+1.0,3621000.0,-65.0,0.01376376947111547,-65.0
2013-09-30,2013Q3,0.39,+30.0,0.34,0.05,338443000.0,+2.0,16447000.0,+32.0,0.0485960708302432,+30.0
2013-06-30,2013Q2,0.14,+56.0,0.21,-0.07,297530000.0,+7.0,10378000.0,+30.0,0.03488051625046214,+21.0
2013-03-31,2013Q1,0.06,-80.0,0.13,-0.07,228945000.0,-29.0,6557000.0,-41.0,0.028640066391491407,-17.0
2012-12-31,2012Q4,0.2,-26.0,0.19,0.01,259586000.0,-21.0,10220000.0,-25.0,0.03937038206991132,-5.0
2012-09-30,2012Q3,0.3,-17.0,0.35,-0.05,332798000.0,-19.0,12488000.0,-44.0,0.0375242639679325,-32.0
2012-06-30,2012Q2,0.09,-71.0,0.18,-0.09,277021000.0,-14.0,7984000.0,-16.0,0.028820919713667917,-3.0
2012-03-31,2012Q1,0.3,-27.0,0.33,-0.03,323065000.0,-16.0,11084000.0,-32.0,0.0343088852088589,-19.0
2011-12-31,2011Q4,0.27,+80.0,0.24,0.03,328693000.0,+61.0,13552000.0,-148.0,0.0412299623052514,-130.0
2011-09-30,2011Q3,0.36,+38.0,0.22,0.14,408863000.0,+30.0,22494000.0,+104.0,0.05501598334894574,+57.0
2011-06-30,2011Q2,0.31,+244.0,0.3,0.01,321377000.0,+32.0,9561000.0,+149.0,0.029750106572654547,+89.0
2011-03-31,2011Q1,0.41,+356.0,0.27,0.14,385635000.0,+71.0,16251000.0,+318.0,0.042140884515150336,+144.0
2010-12-31,2010Q4,0.15,+150.0,0.16,-0.01,203640000.0,-6.0,-28317000.0,-1560.0,-0.13905421331761933,-1647.0
2010-09-30,2010Q3,0.26,+30.0,0.19,0.07,315097000.0,+10.0,11036000.0,+31.0,0.035024135424964374,+19.0
2010-06-30,2010Q2,0.09,-71.0,0.21,-0.12,243850000.0,-31.0,3840000.0,-70.0,0.015747385687922902,-56.0
2010-03-31,2010Q1,0.09,-70.0,0.19,-0.1,225730000.0,+nan,3891000.0,+nan,0.01723740752226111,+nan
2009-12-31,2009Q4,0.06,-88.0,0.22,-0.16,215701000.0,+nan,1939000.0,+nan,0.008989295367198112,+nan
2009-09-30,2009Q3,0.2,-69.0,0.31,-0.11,286665000.0,+nan,8410000.0,+nan,0.02933737986848761,+nan
2009-06-30,2009Q2,0.31,-30.0,0.3,0.01,354882000.0,+nan,12818000.0,+nan,0.03611904802159591,+nan
2009-03-31,2009Q1,0.3,-55.0,0.46,-0.16,,+nan,,+nan,,+nan
2008-12-31,2008Q4,0.49,+7.0,0.53,-0.04,,+nan,,+nan,,+nan
2008-09-30,2008Q3,0.65,+23.0,0.61,0.04,,+nan,,+nan,,+nan
2008-06-30,2008Q2,0.44,+33.0,0.5,-0.06,,+nan,,+nan,,+nan
2008-03-31,2008Q1,0.66,-86.0,0.5,0.16,,+nan,,+nan,,+nan
2007-12-31,2007Q4,0.46,+nan,0.43,0.03,,+nan,,+nan,,+nan
2007-09-30,2007Q3,0.53,+nan,0.34,0.19,,+nan,,+nan,,+nan
2007-06-30,2007Q2,0.33,+nan,0.33,0.0,,+nan,,+nan,,+nan
2007-03-31,2007Q1,4.5834,+nan,,,,+nan,,+nan,,+nan
