fiscalDateEnding,quarter,reportedEPS,EPS_YOY_pct_change,estimatedEPS,surprise,totalRevenue,revenue_YOY_pct_change,netIncome,netIncome_YOY_pct_change,netProfitMargin,netProfitMargin_YOY_pct_change
2024-06-30,2024Q2,3.93,+397.0,0.33,3.6,223493000.0,+150.0,109664000.0,+403.0,0.4906820347840872,+101.0
2024-03-31,2024Q1,2.88,-20.0,2.75,0.13,249220000.0,+30.0,81652000.0,-22.0,0.32763020624347966,-41.0
2023-12-31,2023Q4,1.41,+31.0,0.89,0.52,109796000.0,+14.0,39086000.0,+21.0,0.35598746766731026,+6.0
2023-09-30,2023Q3,1.72,+132.0,0.66,1.06,127423000.0,+19.0,47941000.0,+116.0,0.37623505960462394,+81.0
2023-06-30,2023Q2,0.79,-27.0,0.68,0.11,89450000.0,-13.0,21783000.0,+3.0,0.24352152040245947,+19.0
2023-03-31,2023Q1,3.58,+507.0,0.62,2.96,190986000.0,+102.0,105259000.0,+485.0,0.5511346381410156,+190.0
2022-12-31,2022Q4,1.08,+54.0,0.73,0.35,96396000.0,-14.0,32408000.0,+48.0,0.3361965226772895,+72.0
2022-09-30,2022Q3,0.74,-11.0,0.44,0.3,107105000.0,-21.0,22222000.0,-15.0,0.20747864245366696,+7.0
2022-06-30,2022Q2,1.08,+177.0,0.57,0.51,103062000.0,+23.0,21069000.0,+1202.0,0.20443034290039006,+957.0
2022-03-31,2022Q1,0.59,+228.0,0.73,-0.14,94589000.0,+25.0,17994000.0,+223.0,0.19023353666916873,+158.0
2021-12-31,2021Q4,0.7,-1850.0,0.34,0.36,112062000.0,+23.0,21878000.0,-1721.0,0.1952312112937481,-1413.0
2021-09-30,2021Q3,0.83,+9.0,0.65,0.18,135801000.0,+69.0,26228000.0,+10.0,0.19313554392088422,-35.0
2021-06-30,2021Q2,0.39,-46.0,-0.15,0.54,83662000.0,-14.0,1618000.0,-93.0,0.019339724128039013,-92.0
2021-03-31,2021Q1,0.18,+42.0,0.0125,0.1675,75544000.0,+10.0,5571000.0,+4703.0,0.07374510219209997,+4275.0
2020-12-31,2020Q4,-0.04,-109.0,-0.16,0.12,90790000.0,-11.0,-1350000.0,-110.0,-0.014869479017512942,-111.0
2020-09-30,2020Q3,0.76,+986.0,0.13,0.63,80297000.0,+22.0,23784000.0,+965.0,0.2962003561776903,+771.0
2020-06-30,2020Q2,0.72,+200.0,0.64,0.08,96974000.0,+36.0,22251000.0,+187.0,0.22945325551178666,+111.0
2020-03-31,2020Q1,0.1267,-241.0,-0.07,0.1967,68811000.0,+0.0,116000.0,-104.0,0.0016857769833311534,-104.0
2019-12-31,2019Q4,0.44,+780.0,0.27,0.17,102161000.0,+36.0,13754000.0,+560.0,0.13463063204158143,+387.0
2019-09-30,2019Q3,0.07,-86.0,-0.17,0.24,65707000.0,-12.0,2234000.0,-90.0,0.03399942167501179,-88.0
2019-06-30,2019Q2,0.24,-20.0,0.12,0.12,71265000.0,+2.0,7743000.0,-29.0,0.10865081035571458,-31.0
2019-03-31,2019Q1,-0.09,-111.0,-0.17,0.08,68631000.0,-22.0,-2803000.0,-109.0,-0.04084160219142953,-112.0
2018-12-31,2018Q4,0.05,-98.0,0.12,-0.07,75326000.0,-63.0,2083000.0,-96.0,0.0276531343759127,-89.0
2018-09-30,2018Q3,0.51,-49.0,0.11,0.4,75079000.0,-23.0,21752000.0,-39.0,0.2897214933603271,-21.0
2018-06-30,2018Q2,0.3,-79.0,0.19,0.11,69555000.0,-49.0,10966000.0,-79.0,0.15765940622528934,-59.0
2018-03-31,2018Q1,0.84,-10.0,0.24,0.6,87444000.0,-7.0,30230000.0,-10.0,0.34570696674443074,-3.0
2017-12-31,2017Q4,2.68,-30.0,0.99,1.69,205304000.0,-25.0,52502000.0,-62.0,0.2557280910259907,-49.0
2017-09-30,2017Q3,1.0,-67.0,0.66,0.34,97325000.0,-53.0,35536000.0,-66.0,0.3651271512972001,-27.0
2017-06-30,2017Q2,1.46,+28.0,1.33,0.13,135779000.0,+79.0,52499000.0,+31.0,0.38665036566773947,-27.0
2017-03-31,2017Q1,0.93,+18.0,0.6,0.33,94530000.0,-12.0,33756000.0,+20.0,0.35709298635353853,+37.0
2016-12-31,2016Q4,3.85,+318.0,3.84,0.01,273868000.0,+144.0,136470000.0,+313.0,0.4983057531365475,+69.0
2016-09-30,2016Q3,2.99,+340.0,3.01,-0.02,208307000.0,+107.0,104466000.0,+326.0,0.5015001896239685,+105.0
2016-06-30,2016Q2,1.14,+28.0,0.31,0.83,75915000.0,-36.0,39994000.0,+23.0,0.5268260554567609,+92.0
2016-03-31,2016Q1,0.79,+1.0,0.78,0.01,107764000.0,-2.0,28071000.0,-3.0,0.26048587654504285,-1.0
2015-12-31,2015Q4,0.92,+156.0,1.03,-0.11,112098000.0,+30.0,33038000.0,+140.0,0.29472425913040373,+84.0
2015-09-30,2015Q3,0.68,+100.0,0.24,0.44,100408000.0,+29.0,24520000.0,+81.0,0.24420364911162457,+40.0
2015-06-30,2015Q2,0.89,-54.0,0.78,0.11,118551000.0,-39.0,32602000.0,-59.0,0.27500400671440983,-32.0
2015-03-31,2015Q1,0.78,-1660.0,0.76,0.02,110378000.0,+91.0,29065000.0,-1662.0,0.2633224012031383,-918.0
2014-12-31,2014Q4,0.36,+3.0,0.36,0.0,86121000.0,-14.0,13790000.0,-5.0,0.16012354710233276,+10.0
2014-09-30,2014Q3,0.34,-48.0,0.19,0.15,77622000.0,-30.0,13512000.0,-49.0,0.1740743603617531,-28.0
2014-06-30,2014Q2,1.93,+777.0,2.11,-0.18,194234000.0,+187.0,78901000.0,+754.0,0.4062162134332815,+198.0
2014-03-31,2014Q1,-0.05,-71.0,-0.08,0.03,57844000.0,+22.0,-1861000.0,-85.0,-0.03217274047437937,-88.0
2013-12-31,2013Q4,0.35,-39.0,0.3,0.05,99683000.0,+13.0,14536000.0,-6.0,0.14582225655327388,-17.0
2013-09-30,2013Q3,0.65,-88.0,0.01,0.64,110623000.0,-75.0,26660000.0,-89.0,0.2409987073212623,-56.0
2013-06-30,2013Q2,0.22,+100.0,0.17,0.05,67692000.0,-6.0,9238000.0,-4.0,0.13647107486852214,+1.0
2013-03-31,2013Q1,-0.17,-171.0,-0.2,0.03,47363000.0,-32.0,-12269000.0,-212.0,-0.25904186812490765,-264.0
2012-12-31,2012Q4,0.57,+16.0,0.01,0.56,87877000.0,+14.0,15532000.0,-32.0,0.17674704416400197,-40.0
2012-09-30,2012Q3,5.56,+875.0,5.42,0.14,434010000.0,+468.0,235669000.0,+799.0,0.5430036174281698,+58.0
2012-06-30,2012Q2,0.22,-41.0,0.29,-0.07,71871000.0,+3.0,9673000.0,-44.0,0.1345883597000181,-45.0
2012-03-31,2012Q1,0.24,-53.0,0.31,-0.07,69305000.0,-12.0,10930000.0,-53.0,0.1577086790274872,-47.0
2011-12-31,2011Q4,0.49,-36.0,0.46,0.03,76956000.0,-19.0,22767000.0,-34.0,0.29584437860595664,-18.0
2011-09-30,2011Q3,0.57,-28.0,0.41,0.16,76455000.0,-17.0,26206000.0,-26.0,0.34276371721927934,-11.0
2011-06-30,2011Q2,0.37,-53.0,0.36,0.01,69873000.0,-23.0,17156000.0,-51.0,0.2455311779943612,-36.0
2011-03-31,2011Q1,0.51,-53.0,0.49,0.02,78458000.0,-32.0,23339000.0,-52.0,0.29747125850773665,-29.0
2010-12-31,2010Q4,0.76,+27.0,0.79,-0.03,95282000.0,+25.0,34311000.0,-12.0,0.3600994941332046,-29.0
2010-09-30,2010Q3,0.79,+14.0,0.72,0.07,91923000.0,+22.0,35515000.0,+16.0,0.38635597184600157,-5.0
2010-06-30,2010Q2,0.78,+32.0,0.61,0.17,91153000.0,+22.0,34963000.0,+32.0,0.383563898061501,+9.0
2010-03-31,2010Q1,1.09,-645.0,1.21,-0.12,116187000.0,+nan,48827000.0,+nan,0.4202449499513715,+nan
2009-12-31,2009Q4,0.6,+567.0,0.64,-0.04,76429000.0,+nan,38876000.0,+nan,0.5086550916536917,+nan
2009-09-30,2009Q3,0.69,+245.0,0.58,0.11,75486000.0,+nan,30621000.0,+nan,0.40565137906366744,+nan
2009-06-30,2009Q2,0.59,+354.0,0.53,0.06,74928000.0,+nan,26445000.0,+nan,0.3529388212684177,+nan
2009-03-31,2009Q1,-0.2,-233.0,-0.21,0.01,,+nan,,+nan,,+nan
2008-12-31,2008Q4,0.09,-325.0,0.16,-0.07,,+nan,,+nan,,+nan
2008-09-30,2008Q3,0.2,+11.0,0.09,0.11,,+nan,,+nan,,+nan
2008-06-30,2008Q2,0.13,-244.0,0.12,0.01,,+nan,,+nan,,+nan
2008-03-31,2008Q1,0.15,-56.0,0.08,0.07,,+nan,,+nan,,+nan
2007-12-31,2007Q4,-0.04,-111.0,0.11,-0.15,,+nan,,+nan,,+nan
2007-09-30,2007Q3,0.18,-55.0,0.1,0.08,,+nan,,+nan,,+nan
2007-06-30,2007Q2,-0.09,-103.0,-0.1,0.01,,+nan,,+nan,,+nan
2007-03-31,2007Q1,0.34,+48.0,0.32,0.02,,+nan,,+nan,,+nan
2006-12-31,2006Q4,0.37,+1133.0,0.31,0.06,,+nan,,+nan,,+nan
2006-09-30,2006Q3,0.4,+233.0,0.4,0.0,,+nan,,+nan,,+nan
2006-06-30,2006Q2,2.98,+4157.0,2.94,0.04,,+nan,,+nan,,+nan
2006-03-31,2006Q1,0.23,-1250.0,0.18,0.05,,+nan,,+nan,,+nan
2005-12-31,2005Q4,0.03,-1100.0,0.06,-0.03,,+nan,,+nan,,+nan
2005-09-30,2005Q3,0.12,-200.0,0.14,-0.02,,+nan,,+nan,,+nan
2005-06-30,2005Q2,0.07,+250.0,0.05,0.02,,+nan,,+nan,,+nan
2005-03-31,2005Q1,-0.02,-120.0,-0.05,0.03,,+nan,,+nan,,+nan
2004-12-31,2004Q4,-0.003,-115.0,0.02,-0.023,,+nan,,+nan,,+nan
2004-09-30,2004Q3,-0.12,-300.0,-0.09,-0.03,,+nan,,+nan,,+nan
2004-06-30,2004Q2,0.02,-60.0,0.03,-0.01,,+nan,,+nan,,+nan
2004-03-31,2004Q1,0.1,-78.0,0.08,0.02,,+nan,,+nan,,+nan
2003-12-31,2003Q4,0.02,-80.0,0.07,-0.05,,+nan,,+nan,,+nan
2003-09-30,2003Q3,0.06,-155.0,,,,+nan,,+nan,,+nan
2003-06-30,2003Q2,0.05,+25.0,-0.05,0.1,,+nan,,+nan,,+nan
2003-03-31,2003Q1,0.45,+149900.0,0.03,0.42,,+nan,,+nan,,+nan
2002-12-31,2002Q4,0.1,-156.0,-0.08,0.18,,+nan,,+nan,,+nan
2002-09-30,2002Q3,-0.11,+22.0,-0.1,-0.01,,+nan,,+nan,,+nan
2002-06-30,2002Q2,0.04,-180.0,-0.1,0.14,,+nan,,+nan,,+nan
2002-03-31,2002Q1,0.0003,-101.0,-0.13,0.1303,,+nan,,+nan,,+nan
2001-12-31,2001Q4,-0.18,-80.0,-0.1,-0.08,,+nan,,+nan,,+nan
2001-09-30,2001Q3,-0.09,-8282.0,-0.06,-0.03,,+nan,,+nan,,+nan
2001-06-30,2001Q2,-0.05,+134.0,-0.06,0.01,,+nan,,+nan,,+nan
2001-03-31,2001Q1,-0.04,-641.0,-0.03,-0.01,,+nan,,+nan,,+nan
2000-12-31,2000Q4,-0.8852,-3051.0,,,,+nan,,+nan,,+nan
2000-09-30,2000Q3,0.0011,-98.0,,,,+nan,,+nan,,+nan
2000-06-30,2000Q2,-0.0214,-143.0,,,,+nan,,+nan,,+nan
2000-03-31,2000Q1,0.0074,-98.0,,,,+nan,,+nan,,+nan
1999-12-31,1999Q4,0.03,-92.0,,,,+nan,,+nan,,+nan
1999-09-30,1999Q3,0.05,-138.0,0.03,0.02,,+nan,,+nan,,+nan
1999-06-30,1999Q2,0.05,-91.0,,,,+nan,,+nan,,+nan
1999-03-31,1999Q1,0.43,+975.0,0.39,0.04,,+nan,,+nan,,+nan
1998-12-31,1998Q4,0.36,-244.0,0.32,0.04,,+nan,,+nan,,+nan
1998-09-30,1998Q3,-0.13,-24.0,-0.16,0.03,,+nan,,+nan,,+nan
1998-06-30,1998Q2,0.55,-424.0,0.29,0.26,,+nan,,+nan,,+nan
1998-03-31,1998Q1,0.04,-131.0,0.05,-0.01,,+nan,,+nan,,+nan
1997-12-31,1997Q4,-0.25,+nan,-0.22,-0.03,,+nan,,+nan,,+nan
1997-09-30,1997Q3,-0.17,+nan,-0.24,0.07,,+nan,,+nan,,+nan
1997-06-30,1997Q2,-0.17,+nan,-0.17,0.0,,+nan,,+nan,,+nan
1997-03-31,1997Q1,-0.13,+nan,-0.16,0.03,,+nan,,+nan,,+nan
