Unnamed: 0_x,fiscalDateEnding,reportedCurrency,grossProfit,totalRevenue,costOfRevenue,costofGoodsAndServicesSold,operatingIncome,sellingGeneralAndAdministrative,researchAndDevelopment,operatingExpenses,investmentIncomeNet,netInterestIncome,interestIncome,interestExpense,nonInterestIncome,otherNonOperatingIncome,depreciation,depreciationAndAmortization,incomeBeforeTax,incomeTaxExpense,interestAndDebtExpense,netIncomeFromContinuingOperations,comprehensiveIncomeNetOfTax,ebit,ebitda,netIncome,Unnamed: 0_y,reportedDate,reportedEPS,estimatedEPS,surprise,surprisePercentage,reportTime,quarter,EPS_YOY_pct_change,revenue_YOY_pct_change,netIncome_YOY_pct_change,netProfitMargin,netProfitMargin_YOY_pct_change
0.0,2024-06-30,USD,209207000.0,223493000.0,14286000.0,25156000.0,133906000.0,14286000.0,50145000.0,14286000.0,,-1358000.0,10125000.0,11483000.0,223493000.0,11682000.0,,17376000.0,134105000.0,24441000.0,11483000.0,109664000.0,109574000.0,133906000.0,151282000.0,109664000.0,0,2024-08-01,3.93,0.33,3.6,1090.9091,pre-market,2024Q2,+397.0,+150.0,+403.0,0.4906820347840872,+101.0
1.0,2024-03-31,USD,235380000.0,249220000.0,13840000.0,96589000.0,103738000.0,13840000.0,49375000.0,13840000.0,,-11922000.0,11778000.0,11922000.0,261142000.0,9247000.0,,17240000.0,101063000.0,19411000.0,11922000.0,81652000.0,81157000.0,112985000.0,120978000.0,81652000.0,1,2024-05-02,2.88,2.75,0.13,4.7273,pre-market,2024Q1,-20.0,+30.0,-22.0,0.32763020624347966,-41.0
2.0,2023-12-31,USD,95191000.0,109796000.0,14605000.0,19863000.0,25325000.0,14605000.0,45725000.0,14605000.0,,-7906000.0,12931000.0,7906000.0,106518000.0,15509000.0,,19094000.0,32928000.0,-6158000.0,7906000.0,39086000.0,40585000.0,40834000.0,59928000.0,39086000.0,2,2024-02-15,1.41,0.89,0.52,58.427,pre-market,2023Q4,+31.0,+14.0,+21.0,0.35598746766731026,+6.0
3.0,2023-09-30,USD,112745000.0,127423000.0,14678000.0,21522000.0,53653000.0,14678000.0,50253000.0,14678000.0,,-12683000.0,11763000.0,12683000.0,140106000.0,14725000.0,,19527000.0,56482000.0,8541000.0,12683000.0,47154000.0,47971000.0,69165000.0,87905000.0,47941000.0,3,2023-11-02,1.72,0.66,1.06,160.6061,pre-market,2023Q3,+132.0,+19.0,+116.0,0.37623505960462394,+81.0
4.0,2023-06-30,USD,77757000.0,89450000.0,11693000.0,16644000.0,23376000.0,11693000.0,49878000.0,11693000.0,,-12141000.0,10254000.0,12141000.0,101591000.0,14387000.0,,122085.0,26112000.0,4329000.0,12141000.0,21293000.0,19944000.0,38253000.0,57408000.0,21783000.0,4,2023-08-03,0.79,0.68,0.11,16.1765,pre-market,2023Q2,-27.0,-13.0,+3.0,0.24352152040245947,+19.0
5.0,2023-03-31,USD,176171000.0,190986000.0,14815000.0,21368000.0,119261000.0,12315000.0,49429000.0,14815000.0,,-12087000.0,11680000.0,12087000.0,203073000.0,13191000.0,,41584.0,122104000.0,16845000.0,12087000.0,103520000.0,105838000.0,134191000.0,132452000.0,105259000.0,5,2023-05-04,3.58,0.62,2.96,477.4194,pre-market,2023Q1,+507.0,+102.0,+485.0,0.5511346381410156,+190.0
6.0,2022-12-31,USD,83885000.0,96396000.0,12511000.0,20170000.0,38594000.0,12559000.0,128713000.0,141224000.0,,-10050000.0,9525000.0,10050000.0,113165000.0,11652000.0,,54880.0,40598000.0,8190000.0,10040000.0,32006000.0,32722000.0,50648000.0,50246000.0,32408000.0,6,2023-02-15,1.08,0.73,0.35,47.9452,pre-market,2022Q4,+54.0,-14.0,+48.0,0.3361965226772895,+72.0
7.0,2022-09-30,USD,92687000.0,107105000.0,14418000.0,46720000.0,31837000.0,14418000.0,21789000.0,36207000.0,,-7659000.0,4421000.0,7659000.0,114764000.0,912000.0,,27081.0,25545000.0,3323000.0,7659000.0,21767000.0,21930000.0,33204000.0,51462000.0,22222000.0,7,2022-11-03,0.74,0.44,0.3,68.1818,pre-market,2022Q3,-11.0,-21.0,-15.0,0.20747864245366696,+7.0
8.0,2022-06-30,USD,90808000.0,103062000.0,12254000.0,45417000.0,49900000.0,9516000.0,17086000.0,29340000.0,,-6272000.0,297000.0,6272000.0,113457000.0,-15016000.0,,86065.0,29097000.0,8028000.0,17472000.0,20584000.0,21012000.0,35369000.0,69966000.0,21069000.0,8,2022-08-04,1.08,0.57,0.51,89.4737,pre-market,2022Q2,+177.0,+23.0,+1202.0,0.20443034290039006,+957.0
9.0,2022-03-31,USD,83163000.0,94589000.0,11426000.0,42095000.0,30185000.0,10884000.0,17612000.0,29038000.0,,-5515000.0,209000.0,5515000.0,101318000.0,-1005000.0,,60459.0,23955000.0,5961000.0,5515000.0,17704000.0,17684000.0,29470000.0,49004000.0,17994000.0,9,2022-05-05,0.59,0.73,-0.14,-19.1781,pre-market,2022Q1,+228.0,+25.0,+223.0,0.19023353666916873,+158.0
10.0,2021-12-31,USD,89479000.0,112062000.0,22583000.0,42047000.0,25589000.0,14223000.0,133501000.0,44952000.0,,-5796000.0,306000.0,5796000.0,108815000.0,9349000.0,,71391.0,31207000.0,9329000.0,5796000.0,19813000.0,21697000.0,37003000.0,42525000.0,21878000.0,10,2022-02-17,0.7,0.34,0.36,105.8824,pre-market,2021Q4,-1850.0,+23.0,-1721.0,0.1952312112937481,-1413.0
11.0,2021-09-30,USD,107778000.0,135801000.0,28023000.0,56150000.0,36777000.0,20978000.0,22546000.0,50569000.0,,-5773000.0,385000.0,5773000.0,143496000.0,-1537000.0,,54000.0,30481000.0,4253000.0,5773000.0,25214000.0,26161000.0,36254000.0,61706000.0,26228000.0,11,2021-11-04,0.83,0.65,0.18,27.6923,pre-market,2021Q3,+9.0,+69.0,+10.0,0.19313554392088422,-35.0
12.0,2021-06-30,USD,45577000.0,83662000.0,38085000.0,40970000.0,-3149000.0,14799000.0,21870000.0,59955000.0,,-6666000.0,446000.0,6666000.0,87735000.0,3039000.0,,55806.0,1639000.0,21000.0,6666000.0,-6797000.0,1549000.0,8305000.0,32824000.0,1618000.0,12,2021-08-05,0.39,-0.15,0.54,360.0,pre-market,2021Q2,-46.0,-14.0,-93.0,0.019339724128039013,-92.0
13.0,2021-03-31,USD,64327000.0,75544000.0,11217000.0,36574000.0,11989000.0,11217000.0,22583000.0,33800000.0,,-6990000.0,553000.0,6990000.0,82363000.0,724000.0,,55213.0,7336000.0,1765000.0,6990000.0,3958000.0,5501000.0,14326000.0,32574000.0,5571000.0,13,2021-05-06,0.18,0.0125,0.1675,1340.0,pre-market,2021Q1,+42.0,+10.0,+4703.0,0.07374510219209997,+4275.0
14.0,2020-12-31,USD,90790000.0,90790000.0,14848000.0,51011000.0,3140000.0,13748000.0,142645000.0,45232000.0,,-9918000.0,617000.0,9918000.0,90790000.0,,,55131.0,-2119000.0,-769000.0,9918000.0,3140000.0,-1542000.0,7799000.0,6258000.0,-1350000.0,14,2021-02-18,-0.04,-0.16,0.12,75.0,pre-market,2020Q4,-109.0,-11.0,-110.0,-0.014869479017512942,-111.0
15.0,2020-09-30,USD,69443000.0,80297000.0,10854000.0,40364000.0,15430000.0,10854000.0,20845000.0,31699000.0,,-10365000.0,825000.0,10365000.0,87493000.0,,,52750.0,10941000.0,-12843000.0,10365000.0,21902000.0,23422000.0,21306000.0,40084000.0,23784000.0,15,2020-11-05,0.76,0.13,0.63,484.6154,pre-market,2020Q3,+986.0,+22.0,+965.0,0.2962003561776903,+771.0
16.0,2020-06-30,USD,85180000.0,96974000.0,11794000.0,38695000.0,31917000.0,11794000.0,22092000.0,33886000.0,,-9971000.0,1342000.0,9971000.0,104498000.0,,,51116.0,27395000.0,5144000.0,9971000.0,20591000.0,22663000.0,37366000.0,56913000.0,22251000.0,16,2020-08-06,0.72,0.64,0.08,12.5,pre-market,2020Q2,+200.0,+36.0,+187.0,0.22945325551178666,+111.0
17.0,2020-03-31,USD,55108000.0,68811000.0,13703000.0,40108000.0,4681000.0,12603000.0,18818000.0,32521000.0,,-10545000.0,2877000.0,10545000.0,76210000.0,,,47300.0,1936000.0,1820000.0,10545000.0,-1661000.0,148000.0,12481000.0,29864000.0,116000.0,17,2020-05-07,0.1267,-0.07,0.1967,281.0,pre-market,2020Q1,-241.0,+0.0,-104.0,0.0016857769833311534,-104.0
18.0,2019-12-31,USD,102161000.0,102161000.0,14420000.0,46744000.0,25296000.0,11289000.0,18872000.0,30121000.0,,-10650000.0,3818000.0,10650000.0,102161000.0,29062000.0,,46467.0,21738000.0,7984000.0,10662000.0,102161000.0,13785000.0,32388000.0,30586000.0,13754000.0,18,2020-02-20,0.44,0.27,0.17,62.963,pre-market,2019Q4,+780.0,+36.0,+560.0,0.13463063204158143,+387.0
19.0,2019-09-30,USD,52236000.0,65707000.0,13471000.0,34772000.0,3774000.0,13471000.0,20506000.0,25477000.0,,-10920000.0,3684000.0,10920000.0,81023000.0,,,44646.0,2056000.0,-178000.0,10920000.0,835000.0,2479000.0,12976000.0,22327000.0,2234000.0,19,2019-10-31,0.07,-0.17,0.24,141.1765,pre-market,2019Q3,-86.0,-12.0,-90.0,0.03399942167501179,-88.0
20.0,2019-06-30,USD,57251000.0,71265000.0,14014000.0,37353000.0,8915000.0,12314000.0,17027000.0,31041000.0,,-9907000.0,3592000.0,9907000.0,81097000.0,,,40963.0,12727000.0,4984000.0,4419000.0,6378000.0,8819000.0,22634000.0,31710000.0,7743000.0,20,2019-08-01,0.24,0.12,0.12,100.0,pre-market,2019Q2,-20.0,+2.0,-29.0,0.10865081035571458,-31.0
21.0,2019-03-31,USD,54416000.0,68631000.0,14215000.0,36071000.0,-150000.0,14215000.0,18495000.0,32710000.0,,-9478000.0,5582000.0,9478000.0,68631000.0,,,40374.0,-4602000.0,-1799000.0,9478000.0,-4214000.0,-1758000.0,4876000.0,21979000.0,-2803000.0,21,2019-05-02,-0.09,-0.17,0.08,47.0588,pre-market,2019Q1,-111.0,-22.0,-109.0,-0.04084160219142953,-112.0
22.0,2018-12-31,USD,75326000.0,75326000.0,15724000.0,38601000.0,3845000.0,12461000.0,20421000.0,45461000.0,,63198000.0,71912000.0,8714000.0,75326000.0,-30537000.0,,19084000.0,-333000.0,-2416000.0,-63198000.0,75326000.0,3048000.0,8381000.0,3845000.0,2083000.0,22,2019-02-21,0.05,0.12,-0.07,-58.3333,pre-market,2018Q4,-98.0,-63.0,-96.0,0.0276531343759127,-89.0
23.0,2018-09-30,USD,62273000.0,75079000.0,12806000.0,32077000.0,12920000.0,12806000.0,17276000.0,30082000.0,,-9039000.0,,9039000.0,75079000.0,,,17686000.0,609000.0,-21143000.0,9039000.0,20110000.0,22219000.0,9648000.0,25692000.0,21752000.0,23,2018-11-01,0.51,0.11,0.4,363.6364,post-market,2018Q3,-49.0,-23.0,-39.0,0.2897214933603271,-21.0
24.0,2018-06-30,USD,57996000.0,69555000.0,11559000.0,26487000.0,15680000.0,11559000.0,15829000.0,27388000.0,,-8960000.0,,8960000.0,69555000.0,,,14639000.0,12023000.0,1057000.0,8960000.0,9776000.0,11342000.0,20983000.0,34433000.0,10966000.0,24,2018-08-02,0.3,0.19,0.11,57.8947,pre-market,2018Q2,-79.0,-49.0,-79.0,0.15765940622528934,-59.0
25.0,2018-03-31,USD,73240000.0,87444000.0,14204000.0,26916000.0,30150000.0,14204000.0,16174000.0,30378000.0,,-4565000.0,,4565000.0,87444000.0,,,14699000.0,25315000.0,-4915000.0,4565000.0,28729000.0,28483000.0,29880000.0,47639000.0,30230000.0,25,2018-04-26,0.84,0.24,0.6,250.0,pre-market,2018Q1,-10.0,-7.0,-10.0,0.34570696674443074,-3.0
26.0,2017-12-31,USD,205304000.0,205304000.0,25489000.0,27598000.0,145704000.0,14026000.0,19528000.0,43717000.0,,-4537000.0,,4537000.0,205304000.0,-9105000.0,,14244000.0,144765000.0,92263000.0,4537000.0,205304000.0,53041000.0,149302000.0,145704000.0,52502000.0,26,2018-02-22,2.68,0.99,1.69,170.7071,pre-market,2017Q4,-30.0,-25.0,-62.0,0.2557280910259907,-49.0
27.0,2017-09-30,USD,85472000.0,97325000.0,11853000.0,28673000.0,40875000.0,12640000.0,17293000.0,27777000.0,,-4480000.0,,4480000.0,97325000.0,,,14554000.0,39499000.0,3963000.0,4480000.0,34725000.0,35442000.0,43979000.0,57722000.0,35536000.0,27,2017-10-26,1.0,0.66,0.34,51.5152,pre-market,2017Q3,-67.0,-53.0,-66.0,0.3651271512972001,-27.0
28.0,2017-06-30,USD,124210000.0,135779000.0,11569000.0,25479000.0,80948000.0,12501000.0,19098000.0,29352000.0,,-4441000.0,,4441000.0,,,,13727000.0,79573000.0,27074000.0,4441000.0,51544000.0,52457000.0,84014000.0,96787000.0,52499000.0,28,2017-07-27,1.46,1.33,0.13,9.7744,pre-market,2017Q2,+28.0,+79.0,+31.0,0.38665036566773947,-27.0
29.0,2017-03-31,USD,81896000.0,94530000.0,12634000.0,29407000.0,33968000.0,13901000.0,19781000.0,31155000.0,,-4386000.0,,4386000.0,,,,14528000.0,32132000.0,-1624000.0,4386000.0,32778000.0,33711000.0,36518000.0,50068000.0,33756000.0,29,2017-04-27,0.93,0.6,0.33,55.0,pre-market,2017Q1,+18.0,-12.0,+20.0,0.35709298635353853,+37.0
30.0,2016-12-31,USD,273868000.0,273868000.0,28317000.0,31943000.0,209149000.0,20277000.0,22680000.0,39670000.0,,9176000.0,13232000.0,4056000.0,,-15035000.0,,13603000.0,206448000.0,69978000.0,-9176000.0,273868000.0,132411000.0,210504000.0,209149000.0,136470000.0,30,2017-02-23,3.85,3.84,0.01,0.2604,pre-market,2016Q4,+318.0,+144.0,+313.0,0.4983057531365475,+69.0
31.0,2016-09-30,USD,198427000.0,208307000.0,9880000.0,26149000.0,156718000.0,9880000.0,15560000.0,25440000.0,,-4304000.0,,4304000.0,,,,13208000.0,153863000.0,49397000.0,4304000.0,103523000.0,104280000.0,158167000.0,170433000.0,104466000.0,31,2016-10-27,2.99,3.01,-0.02,-0.6645,pre-market,2016Q3,+340.0,+107.0,+326.0,0.5015001896239685,+105.0
32.0,2016-06-30,USD,65977000.0,75915000.0,9938000.0,28285000.0,23083000.0,9938000.0,14609000.0,24547000.0,,-4277000.0,,4277000.0,,,,13066000.0,23342000.0,-16652000.0,4277000.0,39029000.0,40138000.0,27619000.0,39721000.0,39994000.0,32,2016-08-02,1.14,0.31,0.83,267.7419,pre-market,2016Q2,+28.0,-36.0,+23.0,0.5268260554567609,+92.0
33.0,2016-03-31,USD,95792000.0,107764000.0,11972000.0,27167000.0,48356000.0,11972000.0,20269000.0,32241000.0,,-8489000.0,,8489000.0,,,,12876000.0,42139000.0,14068000.0,8489000.0,27151000.0,28323000.0,50628000.0,62280000.0,28071000.0,33,2016-04-28,0.79,0.78,0.01,1.2821,pre-market,2016Q1,+1.0,-2.0,-3.0,0.26048587654504285,-1.0
34.0,2015-12-31,USD,112098000.0,112098000.0,28474000.0,29201000.0,53340000.0,9790000.0,19767000.0,48141000.0,,9901000.0,18364000.0,8463000.0,,-27534000.0,,12479000.0,47615000.0,14577000.0,-9901000.0,112098000.0,30035000.0,56078000.0,53340000.0,33038000.0,34,2016-02-18,0.92,1.03,-0.11,-10.6796,post-market,2015Q4,+156.0,+30.0,+140.0,0.29472425913040373,+84.0
35.0,2015-09-30,USD,90368000.0,100408000.0,10040000.0,28363000.0,45387000.0,10040000.0,16618000.0,26658000.0,,-8332000.0,,8332000.0,,,,11891000.0,38011000.0,13491000.0,8332000.0,23788000.0,24388000.0,46343000.0,57501000.0,24520000.0,35,2015-10-30,0.68,0.24,0.44,183.3333,pre-market,2015Q3,+100.0,+29.0,+81.0,0.24420364911162457,+40.0
36.0,2015-06-30,USD,108116000.0,118551000.0,10435000.0,31212000.0,58578000.0,10435000.0,18326000.0,28761000.0,,-8151000.0,,8151000.0,,,,11783000.0,51479000.0,18877000.0,8151000.0,31955000.0,32615000.0,59630000.0,70766000.0,32602000.0,36,2015-07-30,0.89,0.78,0.11,14.1026,pre-market,2015Q2,-54.0,-39.0,-59.0,0.27500400671440983,-32.0
37.0,2015-03-31,USD,100860000.0,110378000.0,9518000.0,31625000.0,51244000.0,9518000.0,17991000.0,27509000.0,,-5474000.0,,5474000.0,,,,11640000.0,46741000.0,17676000.0,5474000.0,28332000.0,29060000.0,52215000.0,63121000.0,29065000.0,37,2015-04-29,0.78,0.76,0.02,2.6316,pre-market,2015Q1,-1660.0,+91.0,-1662.0,0.2633224012031383,-918.0
38.0,2014-12-31,USD,86121000.0,86121000.0,15025000.0,36187000.0,25288000.0,8474000.0,17440000.0,20713000.0,,4925000.0,,-4925000.0,,-11468000.0,,11524000.0,21151000.0,7361000.0,-4925000.0,86121000.0,11154000.0,25288000.0,36197000.0,13790000.0,38,2015-02-19,0.36,0.36,0.0,0.0,pre-market,2014Q4,+3.0,-14.0,-5.0,0.16012354710233276,+10.0
39.0,2014-09-30,USD,91260000.0,77622000.0,-13638000.0,33454000.0,15341000.0,9286000.0,19072000.0,9572000.0,,-4019000.0,,4019000.0,,,,326000.0,13051000.0,-461000.0,4019000.0,12635000.0,12976000.0,17070000.0,17396000.0,13512000.0,39,2014-10-30,0.34,0.19,0.15,78.9474,pre-market,2014Q3,-48.0,-30.0,-49.0,0.1740743603617531,-28.0
40.0,2014-06-30,USD,205423000.0,194234000.0,-11189000.0,30869000.0,128372000.0,11689000.0,22901000.0,15738000.0,,-4019000.0,,4019000.0,,,,326000.0,125559000.0,46658000.0,4019000.0,78112000.0,79671000.0,129578000.0,129904000.0,78901000.0,40,2014-08-07,1.93,2.11,-0.18,-8.5308,pre-market,2014Q2,+777.0,+187.0,+754.0,0.4062162134332815,+198.0
41.0,2014-03-31,USD,48366000.0,57844000.0,9478000.0,33298000.0,-41000.0,8304000.0,15887000.0,28856000.0,-3964000.0,-3943000.0,,3943000.0,,-3964000.0,,326000.0,-3311000.0,-1450000.0,3943000.0,-2555000.0,-2249000.0,632000.0,958000.0,-1861000.0,41,2014-05-01,-0.05,-0.08,0.03,37.5,pre-market,2014Q1,-71.0,+22.0,-85.0,-0.03217274047437937,-88.0
42.0,2013-12-31,USD,99683000.0,99683000.0,16404000.0,36212000.0,37980000.0,6157000.0,19334000.0,27494000.0,,4482000.0,,-4482000.0,,,,325000.0,24940000.0,10404000.0,-4482000.0,99683000.0,11886000.0,37980000.0,20783000.0,14536000.0,42,2014-02-20,0.35,0.3,0.05,16.6667,pre-market,2013Q4,-39.0,+13.0,-6.0,0.14582225655327388,-17.0
43.0,2013-09-30,USD,101360000.0,110623000.0,9263000.0,36786000.0,49128000.0,8937000.0,15772000.0,28578000.0,-2950000.0,-3869000.0,,3869000.0,,,,326000.0,46728000.0,20068000.0,3869000.0,26110000.0,25702000.0,50597000.0,50923000.0,26660000.0,43,2013-10-31,0.65,0.01,0.64,6400.0,pre-market,2013Q3,-88.0,-75.0,-89.0,0.2409987073212623,-56.0
44.0,2013-06-30,USD,59007000.0,67692000.0,8685000.0,33164000.0,12692000.0,8359000.0,13477000.0,25705000.0,2899000.0,-3869000.0,,3869000.0,,2899000.0,,326000.0,16223000.0,6985000.0,3869000.0,8606000.0,9331000.0,20092000.0,20418000.0,9238000.0,44,2013-07-25,0.22,0.17,0.05,29.4118,pre-market,2013Q2,+100.0,-6.0,-4.0,0.13647107486852214,+1.0
45.0,2013-03-31,USD,37651000.0,47363000.0,9712000.0,36875000.0,-15044000.0,7842000.0,16146000.0,29330000.0,-9480000.0,-3798000.0,-1000.0,3797000.0,,-9480000.0,,326000.0,-648000.0,11621000.0,3798000.0,-12903000.0,-12114000.0,3149000.0,3475000.0,-12269000.0,45,2013-04-25,-0.17,-0.2,0.03,15.0,pre-market,2013Q1,-171.0,-32.0,-212.0,-0.25904186812490765,-264.0
46.0,2012-12-31,USD,87877000.0,87877000.0,12500000.0,31305000.0,18832000.0,8383000.0,16821000.0,12500000.0,,-1762000.0,-5828000.0,-4066000.0,,-2470000.0,,325000.0,288362000.0,272830000.0,1762000.0,83377000.0,15389000.0,18832000.0,284621000.0,15532000.0,46,2013-02-20,0.57,0.01,0.56,5600.0,pre-market,2012Q4,+16.0,+14.0,-32.0,0.17674704416400197,-40.0
47.0,2012-09-30,USD,409219000.0,434010000.0,24791000.0,15600000.0,363219000.0,8865000.0,16375000.0,27004000.0,-2708000.0,-1764000.0,1965000.0,3729000.0,,-2708000.0,,326000.0,360511000.0,124842000.0,1764000.0,235669000.0,236378000.0,364240000.0,364566000.0,235669000.0,47,2012-10-24,5.56,5.42,0.14,2.583,pre-market,2012Q3,+875.0,+468.0,+799.0,0.5430036174281698,+58.0
48.0,2012-06-30,USD,60625000.0,71871000.0,11246000.0,26200000.0,17574000.0,10920000.0,17177000.0,29861000.0,-2484000.0,-1764000.0,1964000.0,3728000.0,,-2484000.0,,326000.0,15090000.0,5417000.0,1764000.0,9673000.0,9673000.0,18818000.0,19144000.0,9673000.0,48,2012-07-25,0.22,0.29,-0.07,-24.1379,pre-market,2012Q2,-41.0,+3.0,-44.0,0.1345883597000181,-45.0
49.0,2012-03-31,USD,59796000.0,69305000.0,9509000.0,23228000.0,19405000.0,9183000.0,17489000.0,28436000.0,-2734000.0,-1764000.0,1899000.0,3663000.0,,-2734000.0,,326000.0,16671000.0,5741000.0,1764000.0,10930000.0,11667000.0,20334000.0,20660000.0,10930000.0,49,2012-04-25,0.24,0.31,-0.07,-22.5806,pre-market,2012Q1,-53.0,-12.0,-53.0,0.1577086790274872,-47.0
50.0,2011-12-31,USD,76956000.0,76956000.0,7197000.0,21132000.0,35491000.0,6772000.0,13561000.0,26496000.0,,-1763000.0,,1763000.0,,-2677000.0,,325000.0,32814000.0,10047000.0,1763000.0,76956000.0,22757000.0,35491000.0,34902000.0,22767000.0,50,2012-02-23,0.49,0.46,0.03,6.5217,pre-market,2011Q4,-36.0,-19.0,-34.0,0.29584437860595664,-18.0
51.0,2011-09-30,USD,66742000.0,76455000.0,9713000.0,17900000.0,32153000.0,9387000.0,17015000.0,28165000.0,-3149000.0,-1763000.0,,1763000.0,,-3149000.0,,326000.0,29004000.0,2798000.0,1763000.0,26206000.0,25733000.0,32153000.0,31093000.0,26206000.0,51,2011-10-26,0.57,0.41,0.16,39.0244,pre-market,2011Q3,-28.0,-17.0,-26.0,0.34276371721927934,-11.0
52.0,2011-06-30,USD,62000000.0,69873000.0,7873000.0,16756000.0,29807000.0,7547000.0,15763000.0,25074000.0,-3381000.0,-1438000.0,,1438000.0,,-3381000.0,,326000.0,26426000.0,9270000.0,1438000.0,17156000.0,17077000.0,29807000.0,28190000.0,17156000.0,52,2011-07-27,0.37,0.36,0.01,2.7778,pre-market,2011Q2,-53.0,-23.0,-51.0,0.2455311779943612,-36.0
53.0,2011-03-31,USD,69377000.0,78458000.0,9081000.0,15948000.0,37306000.0,7780000.0,17424000.0,41152000.0,-942000.0,,,,,-942000.0,,5842000.0,36364000.0,13025000.0,,23339000.0,23351000.0,37306000.0,44090000.0,23339000.0,53,2011-04-27,0.51,0.49,0.02,4.0816,pre-market,2011Q1,-53.0,-32.0,-52.0,0.29747125850773665,-29.0
54.0,2010-12-31,USD,95282000.0,95282000.0,6551000.0,58907000.0,53647000.0,6551000.0,21479000.0,41635000.0,529000.0,,,,,,,5670000.0,54176000.0,19865000.0,,95282000.0,34138000.0,53647000.0,59317000.0,34311000.0,54,2011-02-23,0.76,0.79,-0.03,-3.7975,pre-market,2010Q4,+27.0,+25.0,-12.0,0.3600994941332046,-29.0
55.0,2010-09-30,USD,84700000.0,91923000.0,7223000.0,31800000.0,54471000.0,7223000.0,17457000.0,37452000.0,556000.0,,,,,556000.0,,5652000.0,55027000.0,19512000.0,,35515000.0,35482000.0,54471000.0,54471000.0,35515000.0,55,2010-10-27,0.79,0.72,0.07,9.7222,pre-market,2010Q3,+14.0,+22.0,+16.0,0.38635597184600157,-5.0
56.0,2010-06-30,USD,84145000.0,91153000.0,7008000.0,32758000.0,53074000.0,7008000.0,16364000.0,38079000.0,889000.0,,,,,889000.0,,5321000.0,53963000.0,19000000.0,,34963000.0,35030000.0,53074000.0,53074000.0,34963000.0,56,2010-07-28,0.78,0.61,0.17,27.8689,pre-market,2010Q2,+32.0,+22.0,+32.0,0.383563898061501,+9.0
57.0,2010-03-31,USD,116187000.0,116187000.0,36024000.0,36024000.0,74681000.0,7519000.0,16164000.0,41506000.0,,,,,,,,5482000.0,75281000.0,26454000.0,,,,74681000.0,80163000.0,48827000.0,57,2010-04-28,1.09,1.21,-0.12,-9.9174,pre-market,2010Q1,-645.0,+nan,+nan,0.4202449499513715,+nan
58.0,2009-12-31,USD,37825000.0,76429000.0,38604000.0,38604000.0,40842000.0,5611000.0,13252000.0,35587000.0,,,,,,,,5118000.0,37671000.0,-1205000.0,,,,40842000.0,45960000.0,38876000.0,58,2010-02-24,0.6,0.64,-0.04,-6.25,pre-market,2009Q4,+567.0,+nan,+nan,0.5086550916536917,+nan
59.0,2009-09-30,USD,75486000.0,75486000.0,24022000.0,24022000.0,46582000.0,4925000.0,10659000.0,28904000.0,,,,,,,,4882000.0,47113000.0,16492000.0,,,,46582000.0,46582000.0,30621000.0,59,2009-10-28,0.69,0.58,0.11,18.9655,pre-market,2009Q3,+245.0,+nan,+nan,0.40565137906366744,+nan
60.0,2009-06-30,USD,74928000.0,74928000.0,30136000.0,30136000.0,40228000.0,5987000.0,13226000.0,34700000.0,,,,,,,,4657000.0,40853000.0,14408000.0,,,,40228000.0,39603000.0,26445000.0,60,2009-07-28,0.59,0.53,0.06,11.3208,pre-market,2009Q2,+354.0,+nan,+nan,0.3529388212684177,+nan
,2009-03-31,,,,,,,,,,,,,,,,,,,,,,,,,,61,2009-05-06,-0.2,-0.21,0.01,4.7619,pre-market,2009Q1,-233.0,+nan,+nan,,+nan
,2008-12-31,,,,,,,,,,,,,,,,,,,,,,,,,,62,2009-03-02,0.09,0.16,-0.07,-43.75,pre-market,2008Q4,-325.0,+nan,+nan,,+nan
,2008-09-30,,,,,,,,,,,,,,,,,,,,,,,,,,63,2008-10-30,0.2,0.09,0.11,122.2222,pre-market,2008Q3,+11.0,+nan,+nan,,+nan
,2008-06-30,,,,,,,,,,,,,,,,,,,,,,,,,,64,2008-08-06,0.13,0.12,0.01,8.3333,pre-market,2008Q2,-244.0,+nan,+nan,,+nan
,2008-03-31,,,,,,,,,,,,,,,,,,,,,,,,,,65,2008-05-07,0.15,0.08,0.07,87.5,pre-market,2008Q1,-56.0,+nan,+nan,,+nan
,2007-12-31,,,,,,,,,,,,,,,,,,,,,,,,,,66,2008-02-28,-0.04,0.11,-0.15,-136.3636,pre-market,2007Q4,-111.0,+nan,+nan,,+nan
,2007-09-30,,,,,,,,,,,,,,,,,,,,,,,,,,67,2007-10-31,0.18,0.1,0.08,80.0,pre-market,2007Q3,-55.0,+nan,+nan,,+nan
,2007-06-30,,,,,,,,,,,,,,,,,,,,,,,,,,68,2007-08-08,-0.09,-0.1,0.01,10.0,pre-market,2007Q2,-103.0,+nan,+nan,,+nan
,2007-03-31,,,,,,,,,,,,,,,,,,,,,,,,,,69,2007-05-08,0.34,0.32,0.02,6.25,pre-market,2007Q1,+48.0,+nan,+nan,,+nan
,2006-12-31,,,,,,,,,,,,,,,,,,,,,,,,,,70,2007-02-28,0.37,0.31,0.06,19.3548,pre-market,2006Q4,+1133.0,+nan,+nan,,+nan
,2006-09-30,,,,,,,,,,,,,,,,,,,,,,,,,,71,2006-11-01,0.4,0.4,0.0,0.0,pre-market,2006Q3,+233.0,+nan,+nan,,+nan
,2006-06-30,,,,,,,,,,,,,,,,,,,,,,,,,,72,2006-08-02,2.98,2.94,0.04,1.3605,pre-market,2006Q2,+4157.0,+nan,+nan,,+nan
,2006-03-31,,,,,,,,,,,,,,,,,,,,,,,,,,73,2006-05-04,0.23,0.18,0.05,27.7778,pre-market,2006Q1,-1250.0,+nan,+nan,,+nan
,2005-12-31,,,,,,,,,,,,,,,,,,,,,,,,,,74,2006-03-09,0.03,0.06,-0.03,-50.0,pre-market,2005Q4,-1100.0,+nan,+nan,,+nan
,2005-09-30,,,,,,,,,,,,,,,,,,,,,,,,,,75,2005-11-03,0.12,0.14,-0.02,-14.2857,pre-market,2005Q3,-200.0,+nan,+nan,,+nan
,2005-06-30,,,,,,,,,,,,,,,,,,,,,,,,,,76,2005-08-04,0.07,0.05,0.02,40.0,pre-market,2005Q2,+250.0,+nan,+nan,,+nan
,2005-03-31,,,,,,,,,,,,,,,,,,,,,,,,,,77,2005-05-06,-0.02,-0.05,0.03,60.0,pre-market,2005Q1,-120.0,+nan,+nan,,+nan
,2004-12-31,,,,,,,,,,,,,,,,,,,,,,,,,,78,2005-03-10,-0.003,0.02,-0.023,-115.0,pre-market,2004Q4,-115.0,+nan,+nan,,+nan
,2004-09-30,,,,,,,,,,,,,,,,,,,,,,,,,,79,2004-11-09,-0.12,-0.09,-0.03,-33.3333,pre-market,2004Q3,-300.0,+nan,+nan,,+nan
,2004-06-30,,,,,,,,,,,,,,,,,,,,,,,,,,80,2004-08-09,0.02,0.03,-0.01,-33.3333,pre-market,2004Q2,-60.0,+nan,+nan,,+nan
,2004-03-31,,,,,,,,,,,,,,,,,,,,,,,,,,81,2004-05-10,0.1,0.08,0.02,25.0,pre-market,2004Q1,-78.0,+nan,+nan,,+nan
,2003-12-31,,,,,,,,,,,,,,,,,,,,,,,,,,82,2004-03-10,0.02,0.07,-0.05,-71.4286,pre-market,2003Q4,-80.0,+nan,+nan,,+nan
,2003-09-30,,,,,,,,,,,,,,,,,,,,,,,,,,83,2003-11-13,0.06,,,,pre-market,2003Q3,-155.0,+nan,+nan,,+nan
,2003-06-30,,,,,,,,,,,,,,,,,,,,,,,,,,84,2003-08-13,0.05,-0.05,0.1,200.0,pre-market,2003Q2,+25.0,+nan,+nan,,+nan
,2003-03-31,,,,,,,,,,,,,,,,,,,,,,,,,,85,2003-05-13,0.45,0.03,0.42,1400.0,pre-market,2003Q1,+149900.0,+nan,+nan,,+nan
,2002-12-31,,,,,,,,,,,,,,,,,,,,,,,,,,86,2003-02-11,0.1,-0.08,0.18,225.0,pre-market,2002Q4,-156.0,+nan,+nan,,+nan
,2002-09-30,,,,,,,,,,,,,,,,,,,,,,,,,,87,2002-11-12,-0.11,-0.1,-0.01,-10.0,pre-market,2002Q3,+22.0,+nan,+nan,,+nan
,2002-06-30,,,,,,,,,,,,,,,,,,,,,,,,,,88,2002-08-06,0.04,-0.1,0.14,140.0,pre-market,2002Q2,-180.0,+nan,+nan,,+nan
,2002-03-31,,,,,,,,,,,,,,,,,,,,,,,,,,89,2002-05-10,0.0003,-0.13,0.1303,100.2308,pre-market,2002Q1,-101.0,+nan,+nan,,+nan
,2001-12-31,,,,,,,,,,,,,,,,,,,,,,,,,,90,2002-02-14,-0.18,-0.1,-0.08,-80.0,pre-market,2001Q4,-80.0,+nan,+nan,,+nan
,2001-09-30,,,,,,,,,,,,,,,,,,,,,,,,,,91,2001-10-23,-0.09,-0.06,-0.03,-50.0,pre-market,2001Q3,-8282.0,+nan,+nan,,+nan
,2001-06-30,,,,,,,,,,,,,,,,,,,,,,,,,,92,2001-07-31,-0.05,-0.06,0.01,16.6667,pre-market,2001Q2,+134.0,+nan,+nan,,+nan
,2001-03-31,,,,,,,,,,,,,,,,,,,,,,,,,,93,2001-04-26,-0.04,-0.03,-0.01,-33.3333,pre-market,2001Q1,-641.0,+nan,+nan,,+nan
,2000-12-31,,,,,,,,,,,,,,,,,,,,,,,,,,94,2000-12-31,-0.8852,,,,pre-market,2000Q4,-3051.0,+nan,+nan,,+nan
,2000-09-30,,,,,,,,,,,,,,,,,,,,,,,,,,95,2000-09-30,0.0011,,,,pre-market,2000Q3,-98.0,+nan,+nan,,+nan
,2000-06-30,,,,,,,,,,,,,,,,,,,,,,,,,,96,2000-06-30,-0.0214,,,,pre-market,2000Q2,-143.0,+nan,+nan,,+nan
,2000-03-31,,,,,,,,,,,,,,,,,,,,,,,,,,97,2000-03-31,0.0074,,,,pre-market,2000Q1,-98.0,+nan,+nan,,+nan
,1999-12-31,,,,,,,,,,,,,,,,,,,,,,,,,,98,1999-12-31,0.03,,,,pre-market,1999Q4,-92.0,+nan,+nan,,+nan
,1999-09-30,,,,,,,,,,,,,,,,,,,,,,,,,,99,1999-10-26,0.05,0.03,0.02,66.6667,pre-market,1999Q3,-138.0,+nan,+nan,,+nan
,1999-06-30,,,,,,,,,,,,,,,,,,,,,,,,,,100,1999-08-05,0.05,,,,pre-market,1999Q2,-91.0,+nan,+nan,,+nan
,1999-03-31,,,,,,,,,,,,,,,,,,,,,,,,,,101,1999-04-29,0.43,0.39,0.04,10.2564,pre-market,1999Q1,+975.0,+nan,+nan,,+nan
,1998-12-31,,,,,,,,,,,,,,,,,,,,,,,,,,102,1999-02-25,0.36,0.32,0.04,12.5,pre-market,1998Q4,-244.0,+nan,+nan,,+nan
,1998-09-30,,,,,,,,,,,,,,,,,,,,,,,,,,103,1998-11-04,-0.13,-0.16,0.03,18.75,pre-market,1998Q3,-24.0,+nan,+nan,,+nan
,1998-06-30,,,,,,,,,,,,,,,,,,,,,,,,,,104,1998-08-10,0.55,0.29,0.26,89.6552,pre-market,1998Q2,-424.0,+nan,+nan,,+nan
,1998-03-31,,,,,,,,,,,,,,,,,,,,,,,,,,105,1998-05-07,0.04,0.05,-0.01,-20.0,pre-market,1998Q1,-131.0,+nan,+nan,,+nan
,1997-12-31,,,,,,,,,,,,,,,,,,,,,,,,,,106,1998-03-04,-0.25,-0.22,-0.03,-13.6364,pre-market,1997Q4,+nan,+nan,+nan,,+nan
,1997-09-30,,,,,,,,,,,,,,,,,,,,,,,,,,107,1997-10-30,-0.17,-0.24,0.07,29.1667,pre-market,1997Q3,+nan,+nan,+nan,,+nan
,1997-06-30,,,,,,,,,,,,,,,,,,,,,,,,,,108,1997-08-01,-0.17,-0.17,0.0,0.0,pre-market,1997Q2,+nan,+nan,+nan,,+nan
,1997-03-31,,,,,,,,,,,,,,,,,,,,,,,,,,109,1997-05-14,-0.13,-0.16,0.03,18.75,pre-market,1997Q1,+nan,+nan,+nan,,+nan
