Unnamed: 0_x,fiscalDateEnding,reportedCurrency,grossProfit,totalRevenue,costOfRevenue,costofGoodsAndServicesSold,operatingIncome,sellingGeneralAndAdministrative,researchAndDevelopment,operatingExpenses,investmentIncomeNet,netInterestIncome,interestIncome,interestExpense,nonInterestIncome,otherNonOperatingIncome,depreciation,depreciationAndAmortization,incomeBeforeTax,incomeTaxExpense,interestAndDebtExpense,netIncomeFromContinuingOperations,comprehensiveIncomeNetOfTax,ebit,ebitda,netIncome,Unnamed: 0_y,reportedDate,reportedEPS,estimatedEPS,surprise,surprisePercentage,reportTime,quarter,EPS_YOY_pct_change,revenue_YOY_pct_change,netIncome_YOY_pct_change,netProfitMargin,netProfitMargin_YOY_pct_change
0.0,2024-06-30,USD,78640000.0,151120000.0,72480000.0,5671000.0,54078000.0,40124000.0,,62291000.0,,2284000.0,26846000.0,24562000.0,14428000.0,,,22167000.0,57903000.0,15317000.0,24562000.0,42586000.0,40461000.0,82465000.0,104632000.0,42586000.0,0,2024-08-01,6.2055,,,,pre-market,2024Q2,+208.0,+39.0,+208.0,0.2818025410269984,+122.0
1.0,2024-03-31,USD,49869000.0,119083000.0,69214000.0,5835000.0,27218000.0,32286000.0,,54772000.0,,-20734000.0,2269000.0,23003000.0,8857000.0,,,22486000.0,29892000.0,9023000.0,23003000.0,20869000.0,19755000.0,52895000.0,75381000.0,20869000.0,1,2024-05-03,2.997,,,,pre-market,2024Q1,+445.0,+33.0,+375.0,0.1752475164381146,+257.0
2.0,2023-12-31,USD,36519000.0,114280000.0,77761000.0,2008000.0,16784000.0,44823000.0,,69626000.0,,-19969000.0,2300000.0,22269000.0,5994000.0,,,22794000.0,20981000.0,10028000.0,22269000.0,10953000.0,3993000.0,43250000.0,66044000.0,10953000.0,2,2024-03-13,1.5304,,,,pre-market,2023Q4,-28.0,+30.0,-24.0,0.09584354217710886,-41.0
3.0,2023-09-30,USD,39050000.0,105745000.0,66695000.0,719000.0,19998000.0,36017000.0,,59105000.0,,-16952000.0,2100000.0,19052000.0,773000.0,,,23088000.0,20344000.0,5726000.0,19052000.0,14618000.0,11631000.0,39396000.0,62484000.0,14618000.0,3,2023-11-03,2.1308,,,,pre-market,2023Q3,+139.0,+38.0,+129.0,0.13823821457279303,+66.0
4.0,2023-06-30,USD,38527000.0,108996000.0,70469000.0,1671000.0,19442000.0,41385000.0,,63879000.0,,-16827000.0,2258000.0,19085000.0,4461000.0,-474000.0,,22494000.0,18968000.0,5152000.0,19085000.0,13816000.0,13768000.0,38053000.0,60547000.0,13816000.0,4,2023-08-03,2.0155,,,,pre-market,2023Q2,+149.0,+40.0,+134.0,0.1267569452089985,+68.0
5.0,2023-03-31,USD,26214000.0,89535000.0,63321000.0,0.0,7998000.0,37770000.0,,60319000.0,,-16343000.0,2046000.0,18389000.0,-31000.0,-1161000.0,,22549000.0,6837000.0,2443000.0,18389000.0,4394000.0,-907000.0,25226000.0,47775000.0,4394000.0,5,2023-05-04,0.55,,,,pre-market,2023Q1,-115.0,+30.0,-121.0,0.04907578042106439,-116.0
6.0,2022-12-31,USD,31491000.0,88144000.0,56653000.0,0.0,16732000.0,30463000.0,,53172000.0,,-9955000.0,7579000.0,17534000.0,-566000.0,1469000.0,,22780000.0,18201000.0,3858000.0,14976000.0,14343000.0,13545000.0,35735000.0,58515000.0,14343000.0,6,2023-03-09,2.12,,,,pre-market,2022Q4,+1531.0,+16.0,+723.0,0.16272236340533672,+608.0
7.0,2022-09-30,USD,25047000.0,76891000.0,51844000.0,654000.0,8743000.0,26992000.0,,49051000.0,,-16304000.0,,16304000.0,920000.0,-384000.0,,22059000.0,8359000.0,1970000.0,16304000.0,6389000.0,12102000.0,24663000.0,46722000.0,6389000.0,7,2022-11-02,0.89,,,,pre-market,2022Q3,+178.0,+9.0,+122.0,0.08309164921772379,+104.0
8.0,2022-06-30,USD,25508000.0,78075000.0,52567000.0,78000.0,9485000.0,27441000.0,,49053000.0,,-16023000.0,,16023000.0,3614000.0,1469000.0,,21612000.0,10954000.0,5046000.0,16023000.0,5908000.0,8512000.0,26977000.0,48589000.0,5908000.0,8,2022-08-04,0.81,,,,pre-market,2022Q2,-775.0,+17.0,+10086.0,0.0756708293307717,+8572.0
9.0,2022-03-31,USD,-8527000.0,68817000.0,77344000.0,21117000.0,-25105000.0,28467000.0,,50276000.0,,-16883000.0,,16883000.0,2351000.0,-2616000.0,,21809000.0,-27721000.0,-6520000.0,16883000.0,-21221000.0,-7008000.0,-10838000.0,10971000.0,-21201000.0,9,2022-05-09,-3.7,,,,post-market,2022Q1,+928.0,+13.0,+1492.0,-0.30807794585640175,+1314.0
10.0,2021-12-31,USD,22359000.0,75814000.0,53455000.0,3602000.0,4601000.0,24957000.0,,46710000.0,,-17654000.0,,17654000.0,3786000.0,1983000.0,,21749000.0,6584000.0,4842000.0,17654000.0,1742000.0,6135000.0,24238000.0,45987000.0,1742000.0,10,2022-03-14,0.13,,,,pre-market,2021Q4,-121.0,+23.0,-160.0,0.022977286517002135,-149.0
11.0,2021-09-30,USD,24410000.0,70791000.0,46381000.0,0.0,6085000.0,22583000.0,,43857000.0,,-18325000.0,,18325000.0,2440000.0,21000.0,,21274000.0,6106000.0,3222000.0,18325000.0,2884000.0,3538000.0,24431000.0,45705000.0,2884000.0,11,2021-11-02,0.32,,,,pre-market,2021Q3,-9.0,+0.0,-3.0,0.040739642044892714,-4.0
12.0,2021-06-30,USD,15813000.0,66472000.0,50659000.0,2246000.0,-1174000.0,22777000.0,,46117000.0,,-16987000.0,,16987000.0,0.0,-685000.0,,23340000.0,-1859000.0,-1917000.0,16987000.0,58000.0,-2508000.0,15128000.0,38468000.0,58000.0,12,2021-08-03,-0.12,,,,pre-market,2021Q2,-116.0,-11.0,-99.0,0.0008725478396919003,-99.0
13.0,2021-03-31,USD,14073000.0,61125000.0,47052000.0,1867000.0,-1172000.0,19960000.0,,44141000.0,,-15019000.0,,15019000.0,2792000.0,-519000.0,,24141000.0,-1691000.0,-359000.0,15019000.0,-1332000.0,6335000.0,13328000.0,37469000.0,-1332000.0,13,2021-05-10,-0.36,,,,pre-market,2021Q1,-164.0,-25.0,-131.0,-0.021791411042944787,-141.0
14.0,2020-12-31,USD,61487000.0,61487000.0,52325000.0,6169000.0,-7001000.0,19955000.0,,43311000.0,,-15888000.0,,15888000.0,2726000.0,,,23365000.0,-6971000.0,-4077000.0,15888000.0,61487000.0,-2612000.0,8917000.0,32282000.0,-2894000.0,14,2021-03-15,-0.62,,,,pre-market,2020Q4,-191.0,-31.0,-158.0,-0.04706685966139184,-184.0
15.0,2020-09-30,USD,19933000.0,70613000.0,50680000.0,5245000.0,4582000.0,20586000.0,,44608000.0,,-15351000.0,,15351000.0,0.0,1457000.0,,24022000.0,6039000.0,3055000.0,15351000.0,2984000.0,3946000.0,21390000.0,45412000.0,2984000.0,15,2020-11-02,0.35,,,,pre-market,2020Q3,-91.0,-41.0,-88.0,0.04225850764023622,-79.0
16.0,2020-06-30,USD,24878000.0,74983000.0,50105000.0,6997000.0,8789000.0,17876000.0,,41640000.0,,-16089000.0,,16089000.0,29286000.0,948000.0,,23764000.0,9737000.0,4365000.0,16089000.0,5372000.0,5014000.0,25826000.0,49590000.0,5372000.0,16,2020-08-05,0.74,,,,pre-market,2020Q2,-72.0,-22.0,-68.0,0.07164290572529773,-60.0
17.0,2020-03-31,USD,28540000.0,81609000.0,53069000.0,2129000.0,8324000.0,26255000.0,,49645000.0,,-15696000.0,,15696000.0,17686000.0,207000.0,,23390000.0,8531000.0,4245000.0,20384000.0,4286000.0,1531000.0,24227000.0,47617000.0,4286000.0,17,2020-05-05,0.56,,,,pre-market,2020Q1,-83.0,-21.0,-79.0,0.052518717298337195,-74.0
18.0,2019-12-31,USD,73773000.0,89228000.0,15455000.0,6899000.0,4393000.0,20437000.0,,43642000.0,,-15657000.0,,15657000.0,19026000.0,,,23199000.0,8184000.0,3188000.0,15657000.0,89228000.0,3501000.0,23841000.0,47040000.0,4996000.0,18,2020-03-11,0.68,,,,pre-market,2019Q4,-77.0,-25.0,-72.0,0.0559913928363294,-63.0
19.0,2019-09-30,USD,100171000.0,120366000.0,20195000.0,6954000.0,28913000.0,23257000.0,,45993000.0,,-16572000.0,,16572000.0,43762000.0,2165000.0,,22736000.0,31078000.0,7005000.0,16572000.0,24078000.0,23548000.0,47650000.0,70386000.0,24073000.0,19,2019-11-04,3.81,,,,pre-market,2019Q3,+159.0,+49.0,+149.0,0.19999833840120965,+67.0
20.0,2019-06-30,USD,83212000.0,95797000.0,12585000.0,3262000.0,20110000.0,21389000.0,,41432000.0,,-16781000.0,,16781000.0,31375000.0,1676000.0,,20043000.0,21786000.0,4811000.0,17001000.0,16986000.0,15846000.0,38567000.0,58610000.0,16975000.0,20,2019-08-06,2.66,,,,pre-market,2019Q2,+111.0,+22.0,+103.0,0.17719761579172624,+67.0
21.0,2019-03-31,USD,89357000.0,103769000.0,14412000.0,1105000.0,26887000.0,21440000.0,,41662000.0,,-17879000.0,,17879000.0,35309000.0,946000.0,,20258000.0,27878000.0,7000000.0,17879000.0,20833000.0,20677000.0,45757000.0,66015000.0,20878000.0,21,2019-05-06,3.35,,,,pre-market,2019Q1,+235.0,+47.0,+195.0,0.20119688924437934,+100.0
22.0,2018-12-31,USD,87689000.0,118190000.0,30501000.0,5858000.0,19567000.0,21504000.0,,42677000.0,,-17603000.0,,17603000.0,111899000.0,2231000.0,,21214000.0,21757000.0,3643000.0,17603000.0,118190000.0,17254000.0,39360000.0,60574000.0,18114000.0,22,2019-03-13,2.91,,,,pre-market,2018Q4,-1139.0,+87.0,-58.0,0.15326169726711228,-77.0
23.0,2018-09-30,USD,72126000.0,80958000.0,8832000.0,1215000.0,12751000.0,18124000.0,,37985000.0,,-17885000.0,,17885000.0,87866000.0,506000.0,,19861000.0,13274000.0,3600000.0,17885000.0,9674000.0,9435000.0,31159000.0,51020000.0,9674000.0,23,2018-11-07,1.47,,,,pre-market,2018Q3,+84.0,+23.0,+83.0,0.11949405864769387,+49.0
24.0,2018-06-30,USD,68397000.0,78702000.0,10305000.0,3578000.0,11283000.0,16782000.0,,35166000.0,,-15138000.0,,15138000.0,67846000.0,316000.0,,18384000.0,11559000.0,3200000.0,15138000.0,8359000.0,8024000.0,26697000.0,45081000.0,8359000.0,24,2018-08-06,1.26,,,,pre-market,2018Q2,+37.0,+16.0,+40.0,0.10621076973901553,+20.0
25.0,2018-03-31,USD,59109000.0,70497000.0,11388000.0,0.0,8871000.0,15611000.0,,32966000.0,,-13595000.0,,13595000.0,59121000.0,747000.0,,17355000.0,9582000.0,2500000.0,13594000.0,7082000.0,8333000.0,23177000.0,40532000.0,7082000.0,25,2018-05-07,1.0,,,,pre-market,2018Q1,-21.0,-10.0,-13.0,0.10045817552519966,-4.0
26.0,2017-12-31,USD,54462000.0,63189000.0,8727000.0,2687000.0,2092000.0,15163000.0,2605000.0,67059000.0,,-12322000.0,,12322000.0,34053000.0,1103000.0,,17237000.0,3195000.0,-39514000.0,12322000.0,63189000.0,43470000.0,15517000.0,32754000.0,42709000.0,26,2018-03-13,-0.28,,,,pre-market,2017Q4,-122.0,+14.0,+1478.0,0.6758929560524775,+1285.0
27.0,2017-09-30,USD,58713000.0,65861000.0,7148000.0,6958000.0,5212000.0,14308000.0,2605000.0,30450000.0,,-14220000.0,,14220000.0,33648000.0,3040000.0,,16142000.0,8252000.0,2960000.0,14220000.0,5292000.0,5592000.0,22472000.0,38614000.0,5292000.0,27,2017-11-07,0.8,,,,pre-market,2017Q3,+29.0,+28.0,+33.0,0.0803510423467606,+4.0
28.0,2017-06-30,USD,53188000.0,67844000.0,14656000.0,2277000.0,8997000.0,13065000.0,,29080000.0,,-11312000.0,,11312000.0,34864000.0,1161000.0,,16015000.0,10158000.0,4168000.0,11312000.0,5990000.0,5918000.0,21470000.0,37485000.0,5990000.0,28,2017-08-08,0.92,,,,pre-market,2017Q2,+48.0,+37.0,+78.0,0.08829078474146572,+30.0
29.0,2017-03-31,USD,67628000.0,77946000.0,10318000.0,13009000.0,12551000.0,13201000.0,,29829000.0,,-10865000.0,,10865000.0,31315000.0,1854000.0,,16628000.0,14405000.0,6238000.0,10865000.0,8167000.0,8451000.0,25270000.0,41898000.0,8167000.0,29,2017-05-08,1.26,,,,pre-market,2017Q1,+157.0,+54.0,+104.0,0.1047776665896903,+32.0
30.0,2016-12-31,USD,55476000.0,55476000.0,-80876000.0,3590000.0,3658000.0,13086000.0,,35801000.0,,-10509000.0,,10509000.0,30788000.0,939000.0,,17045000.0,4597000.0,1890000.0,10509000.0,55476000.0,3505000.0,15106000.0,32151000.0,2707000.0,30,2017-03-10,1.25,,,,post-market,2016Q4,+127.0,+1.0,-9.0,0.0487958756939938,-9.0
31.0,2016-09-30,USD,19167000.0,51461000.0,32294000.0,1995000.0,5871000.0,12257000.0,,32294000.0,,-10230000.0,,10230000.0,31950000.0,631000.0,,16628000.0,6502000.0,2517000.0,10230000.0,3985000.0,2319000.0,16732000.0,33360000.0,3985000.0,31,2016-11-04,0.62,,,,post-market,2016Q3,+61.0,-11.0,+56.0,0.07743728260235906,+75.0
32.0,2016-06-30,USD,19049000.0,49618000.0,30569000.0,1893000.0,5728000.0,10685000.0,,30569000.0,,-10397000.0,,10397000.0,29802000.0,56000.0,,16188000.0,5784000.0,2418000.0,10534000.0,3366000.0,3999000.0,16181000.0,32369000.0,3366000.0,32,2016-08-15,0.62,,,,post-market,2016Q2,-1133.0,+13.0,-793.0,0.06783828449353058,-712.0
33.0,2016-03-31,USD,18219000.0,50719000.0,32337000.0,2036000.0,6876000.0,11752000.0,,32128000.0,,-10008000.0,,10008000.0,31728000.0,187000.0,,16419000.0,7063000.0,3052000.0,10008000.0,3768000.0,3723000.0,17071000.0,33490000.0,4011000.0,33,2016-05-13,0.49,,,,pre-market,2016Q1,+145.0,+23.0,+75.0,0.07908278948717443,+42.0
34.0,2015-12-31,USD,55195000.0,55186000.0,31726000.0,601000.0,6656000.0,11918000.0,,31210000.0,,-9780000.0,,9780000.0,30323000.0,48000.0,,17034000.0,6640000.0,3667000.0,9780000.0,55195000.0,2716000.0,16420000.0,33454000.0,2973000.0,34,2016-03-09,0.55,,,,pre-market,2015Q4,-1933.0,+34.0,-1173.0,0.05387235893161309,-901.0
35.0,2015-09-30,USD,19859000.0,57730000.0,37899000.0,5498000.0,4094000.0,11742000.0,,37899000.0,,-9805000.0,,9805000.0,31887000.0,558000.0,,17102000.0,4652000.0,2101000.0,9805000.0,2577000.0,2351000.0,14457000.0,31559000.0,2551000.0,35,2015-11-04,0.3846,,,,pre-market,2015Q3,+220.0,+27.0,+161.0,0.04418846353715573,+105.0
36.0,2015-06-30,USD,10951000.0,43810000.0,32272000.0,3058000.0,-1100000.0,9112000.0,,32272000.0,,-9860000.0,,9860000.0,29047000.0,215000.0,,17626000.0,-885000.0,-399000.0,9860000.0,-492000.0,-486000.0,8975000.0,26601000.0,-486000.0,36,2015-07-31,-0.06,0.21,-0.27,-128.5714,pre-market,2015Q2,-122.0,-0.0,-122.0,-0.011093357680894773,-122.0
37.0,2015-03-31,USD,13214000.0,41336000.0,29600000.0,24000.0,3385000.0,9972000.0,,29533000.0,,-9567000.0,,9567000.0,26910000.0,354000.0,,17705000.0,3739000.0,1441000.0,8416000.0,2298000.0,2298000.0,13306000.0,31011000.0,2298000.0,37,2015-05-08,0.2,0.21,-0.01,-4.7619,pre-market,2015Q1,-62.0,-5.0,-47.0,0.05559318753628798,-44.0
38.0,2014-12-31,USD,46291000.0,41205000.0,32290000.0,2674000.0,-1321000.0,7804000.0,,32353000.0,,-9127000.0,,9127000.0,26923000.0,510000.0,,17155000.0,-743000.0,-466000.0,9127000.0,46291000.0,-434000.0,8384000.0,25539000.0,-277000.0,38,2015-03-11,-0.03,0.18,-0.21,-116.6667,pre-market,2014Q4,-104.0,-13.0,-104.0,-0.006722485135299114,-105.0
39.0,2014-09-30,USD,12619000.0,45519000.0,30126000.0,450000.0,1994000.0,9107000.0,,30126000.0,,-9181000.0,,9181000.0,27056000.0,269000.0,,16714000.0,2263000.0,1284000.0,9181000.0,979000.0,902000.0,11444000.0,28158000.0,979000.0,39,2014-11-05,0.12,0.21,-0.09,-42.8571,pre-market,2014Q3,-85.0,+20.0,-144.0,0.02150750236165118,-137.0
40.0,2014-06-30,USD,12702000.0,43994000.0,29549000.0,2183000.0,3306000.0,9261000.0,,27929000.0,,-9396000.0,,9396000.0,26421000.0,245000.0,,15735000.0,3551000.0,1337000.0,9396000.0,2214000.0,2136000.0,12947000.0,28682000.0,2214000.0,40,2014-08-06,0.27,0.2,0.07,35.0,pre-market,2014Q2,-198.0,+16.0,-77.0,0.050325044324226034,-80.0
41.0,2014-03-31,USD,15790000.0,43340000.0,27210000.0,295000.0,6431000.0,9685000.0,2440000.0,26901000.0,,-9359000.0,,9359000.0,27209000.0,305000.0,,15710000.0,6736000.0,2405000.0,9359000.0,4331000.0,4252000.0,16095000.0,31805000.0,4331000.0,41,2014-05-05,0.53,0.18,0.35,194.4444,pre-market,2014Q1,-55.0,+23.0,+169.0,0.09993077988001846,+119.0
42.0,2013-12-31,USD,47203000.0,47203000.0,67895000.0,193000.0,10068000.0,9603000.0,2440000.0,92202000.0,,-9735000.0,,9735000.0,28840000.0,340000.0,15164000.0,15164000.0,10408000.0,3855000.0,9735000.0,47203000.0,6724000.0,20143000.0,35307000.0,6553000.0,42,2014-03-03,0.81,0.22,0.59,268.1818,pre-market,2013Q4,+326.0,+19.0,+196.0,0.13882592208122366,+149.0
43.0,2013-09-30,USD,22344000.0,37952000.0,15608000.0,4283000.0,-3323000.0,6792000.0,,14675000.0,,-9905000.0,,9905000.0,27801000.0,-289000.0,15762000.0,15762000.0,-3612000.0,-1383000.0,9905000.0,-2229000.0,-1987000.0,6293000.0,22055000.0,-2229000.0,43,2013-11-04,0.8145,0.22,0.5945,270.2273,pre-market,2013Q3,-975.0,+1.0,-69.0,-0.0587320826306914,-69.0
44.0,2013-06-30,USD,22548000.0,37953000.0,15405000.0,1985000.0,-1495000.0,9204000.0,,18208000.0,,-9852000.0,,9852000.0,25598000.0,3382000.0,14191000.0,14191000.0,1887000.0,-7805000.0,9852000.0,9692000.0,9905000.0,11739000.0,25930000.0,9692000.0,44,2013-09-30,-0.2743,,,,pre-market,2013Q2,-70.0,+8.0,+200.0,0.25536848206992857,+178.0
45.0,2013-03-31,USD,24312000.0,35304000.0,10992000.0,0.0,2524000.0,8269000.0,,17859000.0,,-9227000.0,,9227000.0,25173000.0,93000.0,13610000.0,13610000.0,2617000.0,1007000.0,9227000.0,1610000.0,1848000.0,11844000.0,25454000.0,1610000.0,45,2013-06-30,1.17,,,,pre-market,2013Q1,+303.0,-1.0,-51.0,0.04560389757534557,-50.0
46.0,2012-12-31,USD,39692000.0,39692000.0,15729000.0,3118000.0,2156000.0,9212000.0,,33994000.0,-1000.0,-9154000.0,,9154000.0,-85437000.0,811000.0,13710000.0,49717000.0,2967000.0,756000.0,24616000.0,39692000.0,2346000.0,12121000.0,61838000.0,2211000.0,46,2013-03-31,0.19,,,,pre-market,2012Q4,-49.0,+5.0,-39.0,0.055703920185427795,-42.0
47.0,2012-09-30,USD,25773000.0,37506000.0,11733000.0,2474000.0,-11032000.0,7298000.0,,14266000.0,21000.0,-7529000.0,,7529000.0,23583000.0,352000.0,13885000.0,986000.0,-10680000.0,-3486000.0,7529000.0,-7194000.0,-406000.0,-3151000.0,-2165000.0,-7194000.0,47,2012-12-31,-0.0931,,,,pre-market,2012Q3,-129.0,-5.0,-411.0,-0.19180931051031835,-427.0
48.0,2012-06-30,USD,24414000.0,35153000.0,10739000.0,0.0,4835000.0,9304000.0,,15035000.0,30000.0,-7119000.0,,7119000.0,25198000.0,199000.0,12490000.0,921000.0,5034000.0,1805000.0,7119000.0,3229000.0,3871000.0,12153000.0,13074000.0,3229000.0,48,2012-09-30,-0.9203,,,,pre-market,2012Q2,-641.0,-9.0,-7.0,0.09185560265126731,+2.0
49.0,2012-03-31,USD,24434000.0,35739000.0,11305000.0,282000.0,4978000.0,8737000.0,,15043000.0,30000.0,-7947000.0,,7947000.0,26693000.0,397000.0,12506000.0,967000.0,5375000.0,2086000.0,7947000.0,3289000.0,3383000.0,13322000.0,14289000.0,3289000.0,49,2012-05-07,0.29,0.32,-0.03,-9.375,pre-market,2012Q1,-6.0,-12.0,-35.0,0.0920283164050477,-26.0
50.0,2011-12-31,USD,37669000.0,37669000.0,14415000.0,1035000.0,3254000.0,9593000.0,,19480000.0,40000.0,-8293000.0,,8293000.0,24780000.0,,12534000.0,47836000.0,3691000.0,43000.0,8636000.0,37669000.0,5353000.0,11984000.0,59820000.0,3648000.0,50,2012-03-12,0.37,0.31,0.06,19.3548,pre-market,2011Q4,-21.0,-5.0,-9.0,0.0968435583636412,-4.0
51.0,2011-09-30,USD,27220000.0,39480000.0,12260000.0,2306000.0,5930000.0,8684000.0,,13923000.0,42000.0,-8876000.0,,8876000.0,30095000.0,232000.0,12456000.0,1110000.0,6162000.0,3846000.0,8876000.0,2316000.0,1547000.0,15038000.0,16148000.0,2316000.0,51,2011-12-31,0.3214,,,,pre-market,2011Q3,+29.0,-2.0,-25.0,0.058662613981762916,-24.0
52.0,2011-06-30,USD,27319000.0,38692000.0,11373000.0,2160000.0,5502000.0,9213000.0,,15467000.0,42000.0,-8788000.0,,8788000.0,28189000.0,320000.0,13071000.0,13071000.0,5821000.0,2340000.0,8788000.0,3482000.0,2206000.0,14609000.0,27681000.0,3481000.0,52,2011-09-30,0.17,,,,pre-market,2011Q2,+42.0,+18.0,+83.0,0.08996691822598987,+55.0
53.0,2011-03-31,USD,38505000.0,40812000.0,2307000.0,2307000.0,7904000.0,8211000.0,,21400000.0,,,,9244000.0,,,13189000.0,13189000.0,8210000.0,3147000.0,,,6981000.0,17454000.0,30643000.0,5063000.0,53,2011-06-30,0.31,,,,pre-market,2011Q1,+29.0,+14.0,+66.0,0.12405665000490051,+45.0
54.0,2010-12-31,USD,37906000.0,39634000.0,1728000.0,1728000.0,6470000.0,29302000.0,,21594000.0,,,,9677000.0,,,12626000.0,12626000.0,6761000.0,2751000.0,,,8370000.0,16438000.0,29279000.0,4010000.0,54,2011-03-31,0.47,,,,pre-market,2010Q4,+1467.0,+nan,+nan,0.10117575818741485,+nan
55.0,2010-09-30,USD,38150000.0,40191000.0,2041000.0,2041000.0,4892000.0,7282000.0,,20303000.0,,,,10362000.0,,,13021000.0,13021000.0,5175000.0,2092000.0,,,957000.0,15537000.0,31217000.0,3083000.0,55,2010-11-08,0.25,0.08,0.17,212.5,pre-market,2010Q3,-73.0,+nan,+nan,0.07670871588166504,+nan
56.0,2010-06-30,USD,30066000.0,32778000.0,2712000.0,2712000.0,2661000.0,5750000.0,,17064000.0,,,,10409000.0,,,11314000.0,11314000.0,2934000.0,1027000.0,,,,13343000.0,24657000.0,1907000.0,56,2010-08-06,0.12,0.04,0.08,200.0,pre-market,2010Q2,-74.0,+nan,+nan,0.05817926658124352,+nan
57.0,2010-03-31,USD,34062000.0,35699000.0,1637000.0,1637000.0,4548000.0,7302000.0,,19045000.0,,,,10497000.0,,,,11743000.0,4810000.0,1760000.0,,,,15307000.0,27050000.0,3050000.0,57,2010-05-10,0.24,0.46,-0.22,-47.8261,pre-market,2010Q1,-67.0,+nan,+nan,0.08543656685061206,+nan
,2009-12-31,,,,,,,,,,,,,,,,,,,,,,,,,,58,2010-03-08,0.03,0.51,-0.48,-94.1176,pre-market,2009Q4,-93.0,+nan,+nan,,+nan
,2009-09-30,,,,,,,,,,,,,,,,,,,,,,,,,,59,2009-11-09,0.94,0.56,0.38,67.8571,pre-market,2009Q3,-17.0,+nan,+nan,,+nan
,2009-06-30,,,,,,,,,,,,,,,,,,,,,,,,,,60,2009-08-11,0.47,0.61,-0.14,-22.9508,pre-market,2009Q2,-27.0,+nan,+nan,,+nan
,2009-03-31,,,,,,,,,,,,,,,,,,,,,,,,,,61,2009-05-11,0.72,-1.44,2.16,150.0,pre-market,2009Q1,+46.0,+nan,+nan,,+nan
,2008-12-31,,,,,,,,,,,,,,,,,,,,,,,,,,62,2009-03-26,0.4059,,,,pre-market,2008Q4,-18.0,+nan,+nan,,+nan
,2008-09-30,,,,,,,,,,,,,,,,,,,,,,,,,,63,2008-11-10,1.1318,,,,pre-market,2008Q3,+234.0,+nan,+nan,,+nan
,2008-06-30,,,,,,,,,,,,,,,,,,,,,,,,,,64,2008-08-11,0.6443,,,,pre-market,2008Q2,+54.0,+nan,+nan,,+nan
,2008-03-31,,,,,,,,,,,,,,,,,,,,,,,,,,65,2008-05-12,0.4921,,,,pre-market,2008Q1,+16.0,+nan,+nan,,+nan
,2007-12-31,,,,,,,,,,,,,,,,,,,,,,,,,,66,2008-03-27,0.4955,,,,pre-market,2007Q4,+431.0,+nan,+nan,,+nan
,2007-09-30,,,,,,,,,,,,,,,,,,,,,,,,,,67,2007-11-13,0.3386,,,,pre-market,2007Q3,+1136.0,+nan,+nan,,+nan
,2007-06-30,,,,,,,,,,,,,,,,,,,,,,,,,,68,2007-08-13,0.4182,,,,pre-market,2007Q2,+82.0,+nan,+nan,,+nan
,2007-03-31,,,,,,,,,,,,,,,,,,,,,,,,,,69,2007-05-15,0.4242,,,,pre-market,2007Q1,-870.0,+nan,+nan,,+nan
,2006-09-30,,,,,,,,,,,,,,,,,,,,,,,,,,70,2006-11-13,0.0933,,,,pre-market,2006Q3,-8.0,+nan,+nan,,+nan
,2006-06-30,,,,,,,,,,,,,,,,,,,,,,,,,,71,2006-08-11,0.0274,,,,pre-market,2006Q2,-84.0,+nan,+nan,,+nan
,2006-03-31,,,,,,,,,,,,,,,,,,,,,,,,,,72,2006-05-12,0.23,,,,pre-market,2006Q1,+12.0,+nan,+nan,,+nan
,2005-09-30,,,,,,,,,,,,,,,,,,,,,,,,,,73,2005-11-29,-0.0551,,,,pre-market,2005Q3,+102.0,+nan,+nan,,+nan
,2005-06-30,,,,,,,,,,,,,,,,,,,,,,,,,,74,2005-08-08,0.1017,,,,pre-market,2005Q2,-72.0,+nan,+nan,,+nan
,2005-03-31,,,,,,,,,,,,,,,,,,,,,,,,,,75,2005-05-11,0.1662,,,,pre-market,2005Q1,+203.0,+nan,+nan,,+nan
,2004-12-31,,,,,,,,,,,,,,,,,,,,,,,,,,76,2005-03-23,0.2047,,,,pre-market,2004Q4,+27.0,+nan,+nan,,+nan
,2004-09-30,,,,,,,,,,,,,,,,,,,,,,,,,,77,2004-11-09,-0.0273,,,,pre-market,2004Q3,-133.0,+nan,+nan,,+nan
,2004-06-30,,,,,,,,,,,,,,,,,,,,,,,,,,78,2004-08-11,0.3572,,,,pre-market,2004Q2,+175.0,+nan,+nan,,+nan
,2004-03-31,,,,,,,,,,,,,,,,,,,,,,,,,,79,2004-05-11,0.0548,,,,pre-market,2004Q1,-42.0,+nan,+nan,,+nan
,2003-12-31,,,,,,,,,,,,,,,,,,,,,,,,,,80,2004-02-24,0.1618,,,,pre-market,2003Q4,-29.0,+nan,+nan,,+nan
,2003-09-30,,,,,,,,,,,,,,,,,,,,,,,,,,81,2003-11-10,0.0838,,,,pre-market,2003Q3,+2165.0,+nan,+nan,,+nan
,2003-06-30,,,,,,,,,,,,,,,,,,,,,,,,,,82,2003-08-11,0.1298,,,,pre-market,2003Q2,+99.0,+nan,+nan,,+nan
,2003-03-31,,,,,,,,,,,,,,,,,,,,,,,,,,83,2003-03-31,0.0949,,,,pre-market,2003Q1,-13.0,+nan,+nan,,+nan
,2002-12-31,,,,,,,,,,,,,,,,,,,,,,,,,,84,2002-12-31,0.2282,,,,pre-market,2002Q4,+341.0,+nan,+nan,,+nan
,2002-09-30,,,,,,,,,,,,,,,,,,,,,,,,,,85,2002-09-30,0.0037,,,,pre-market,2002Q3,-98.0,+nan,+nan,,+nan
,2002-06-30,,,,,,,,,,,,,,,,,,,,,,,,,,86,2002-06-30,0.0652,,,,pre-market,2002Q2,-75.0,+nan,+nan,,+nan
,2002-03-31,,,,,,,,,,,,,,,,,,,,,,,,,,87,2002-03-31,0.1091,,,,pre-market,2002Q1,-58.0,+nan,+nan,,+nan
,2001-12-31,,,,,,,,,,,,,,,,,,,,,,,,,,88,2001-12-31,0.0518,,,,pre-market,2001Q4,-81.0,+nan,+nan,,+nan
,2001-09-30,,,,,,,,,,,,,,,,,,,,,,,,,,89,2001-09-30,0.201,,,,pre-market,2001Q3,-27.0,+nan,+nan,,+nan
,2001-06-30,,,,,,,,,,,,,,,,,,,,,,,,,,90,2001-06-30,0.2654,,,,pre-market,2001Q2,+6.0,+nan,+nan,,+nan
,2001-03-31,,,,,,,,,,,,,,,,,,,,,,,,,,91,2001-03-31,0.2612,,,,pre-market,2001Q1,+19.0,+nan,+nan,,+nan
,2000-12-31,,,,,,,,,,,,,,,,,,,,,,,,,,92,2000-12-31,0.276,,,,pre-market,2000Q4,+53.0,+nan,+nan,,+nan
,2000-09-30,,,,,,,,,,,,,,,,,,,,,,,,,,93,2000-09-30,0.2763,,,,pre-market,2000Q3,-39.0,+nan,+nan,,+nan
,2000-06-30,,,,,,,,,,,,,,,,,,,,,,,,,,94,2000-08-02,0.25,0.24,0.01,4.1667,pre-market,2000Q2,-32.0,+nan,+nan,,+nan
,2000-03-31,,,,,,,,,,,,,,,,,,,,,,,,,,95,2000-06-23,0.22,0.21,0.01,4.7619,pre-market,2000Q1,-42.0,+nan,+nan,,+nan
,1999-12-31,,,,,,,,,,,,,,,,,,,,,,,,,,96,2000-02-17,0.18,0.16,0.02,12.5,pre-market,1999Q4,-53.0,+nan,+nan,,+nan
,1999-09-30,,,,,,,,,,,,,,,,,,,,,,,,,,97,1999-10-28,0.45,-0.04,0.49,1225.0,pre-market,1999Q3,+36.0,+nan,+nan,,+nan
,1999-06-30,,,,,,,,,,,,,,,,,,,,,,,,,,98,1999-07-27,0.37,0.39,-0.02,-5.1282,pre-market,1999Q2,+23.0,+nan,+nan,,+nan
,1999-03-31,,,,,,,,,,,,,,,,,,,,,,,,,,99,1999-04-27,0.38,0.35,0.03,8.5714,pre-market,1999Q1,+46.0,+nan,+nan,,+nan
,1998-12-31,,,,,,,,,,,,,,,,,,,,,,,,,,100,1999-02-17,0.38,0.38,0.0,0.0,pre-market,1998Q4,+41.0,+nan,+nan,,+nan
,1998-09-30,,,,,,,,,,,,,,,,,,,,,,,,,,101,1998-10-27,0.33,0.31,0.02,6.4516,pre-market,1998Q3,+32.0,+nan,+nan,,+nan
,1998-06-30,,,,,,,,,,,,,,,,,,,,,,,,,,102,1998-07-29,0.3,0.28,0.02,7.1429,pre-market,1998Q2,+30.0,+nan,+nan,,+nan
,1998-03-31,,,,,,,,,,,,,,,,,,,,,,,,,,103,1998-04-28,0.26,0.25,0.01,4.0,pre-market,1998Q1,+44.0,+nan,+nan,,+nan
,1997-12-31,,,,,,,,,,,,,,,,,,,,,,,,,,104,1998-02-18,0.27,0.27,0.0,0.0,pre-market,1997Q4,+80.0,+nan,+nan,,+nan
,1997-09-30,,,,,,,,,,,,,,,,,,,,,,,,,,105,1997-11-03,0.25,0.23,0.02,8.6957,pre-market,1997Q3,+nan,+nan,+nan,,+nan
,1997-06-30,,,,,,,,,,,,,,,,,,,,,,,,,,106,1997-07-31,0.23,0.21,0.02,9.5238,pre-market,1997Q2,+nan,+nan,+nan,,+nan
,1997-03-31,,,,,,,,,,,,,,,,,,,,,,,,,,107,1997-04-29,0.18,0.48,-0.3,-62.5,pre-market,1997Q1,+nan,+nan,+nan,,+nan
,1996-12-31,,,,,,,,,,,,,,,,,,,,,,,,,,108,1997-03-07,0.15,0.14,0.01,7.1429,pre-market,1996Q4,+nan,+nan,+nan,,+nan
