,fiscalDateEnding,reportedCurrency,grossProfit,totalRevenue,costOfRevenue,costofGoodsAndServicesSold,operatingIncome,sellingGeneralAndAdministrative,researchAndDevelopment,operatingExpenses,investmentIncomeNet,netInterestIncome,interestIncome,interestExpense,nonInterestIncome,otherNonOperatingIncome,depreciation,depreciationAndAmortization,incomeBeforeTax,incomeTaxExpense,interestAndDebtExpense,netIncomeFromContinuingOperations,comprehensiveIncomeNetOfTax,ebit,ebitda,netIncome
0,2024-06-30,USD,1286000000,1636000000,350000000,261000000,1276000000,10000000,None,10000000,None,792000000,None,1036000000,438000000,None,None,24000000,250000000,71000000,None,809000000,177000000,1276000000,904000000,179000000
1,2024-03-31,USD,1245000000,2216000000,337000000,125000000,1207000000,38000000,None,38000000,None,747000000,1760000000,1013000000,456000000,None,None,24000000,246000000,71000000,1013000000,795000000,149000000,1259000000,892000000,175000000
2,2023-12-31,USD,1164000000,2104000000,323000000,100000000,1127000000,37000000,None,37000000,None,730000000,1695000000,965000000,409000000,None,None,25000000,237000000,77000000,965000000,739000000,197000000,1202000000,850000000,160000000
3,2023-09-30,USD,1173000000,2055000000,305000000,1135000000,1163000000,10000000,None,10000000,None,733000000,1643000000,910000000,412000000,None,None,23000000,235000000,68000000,910000000,772000000,148000000,1145000000,880000000,167000000
4,2023-06-30,USD,974000000,1851000000,348000000,1080000000,964000000,10000000,None,10000000,None,694000000,1545000000,851000000,306000000,None,None,23000000,176000000,51000000,851000000,601000000,132000000,1027000000,650000000,125000000
5,2023-03-31,USD,1118000000,1766000000,295000000,933000000,1083000000,35000000,None,35000000,None,637000000,1347000000,710000000,419000000,None,None,23000000,209000000,61000000,710000000,700000000,153000000,919000000,767000000,148000000
6,2022-12-31,USD,1020000000,1522000000,287000000,755000000,984000000,36000000,None,36000000,None,565000000,1111000000,546000000,411000000,None,None,22000000,192000000,56000000,546000000,633000000,174000000,738000000,711000000,136000000
7,2022-09-30,USD,843000000,1100000000,267000000,508000000,835000000,8000000,None,8000000,None,473000000,783000000,310000000,317000000,None,None,20000000,139000000,40000000,310000000,483000000,69000000,449000000,525000000,99000000
8,2022-06-30,USD,714000000,768000000,264000000,98000000,705000000,9000000,None,9000000,None,348000000,460000000,112000000,308000000,None,None,21000000,104000000,32000000,112000000,360000000,48000000,216000000,394000000,72000000
9,2022-03-31,USD,743000000,695000000,251000000,92000000,714000000,29000000,None,29000000,None,282000000,332000000,50000000,363000000,None,None,21000000,101000000,28000000,50000000,366000000,63000000,151000000,396000000,73000000
10,2021-12-31,USD,693000000,658000000,230000000,73000000,655000000,38000000,None,38000000,None,295000000,350000000,55000000,308000000,None,None,20000000,102000000,35000000,55000000,338000000,66000000,157000000,373000000,67000000
11,2021-09-30,USD,545000000,515000000,230000000,79000000,537000000,8000000,None,8000000,None,274000000,325000000,51000000,190000000,None,None,18000000,70000000,28000000,51000000,206000000,33000000,121000000,234000000,42000000
12,2021-06-30,USD,848000000,787000000,213000000,72000000,840000000,8000000,None,8000000,None,274000000,307000000,33000000,480000000,None,None,18000000,127000000,35000000,33000000,506000000,97000000,160000000,543000000,92000000
13,2021-03-31,USD,1051000000,978000000,254000000,250000000,1026000000,25000000,None,25000000,None,305000000,390000000,85000000,588000000,None,None,18000000,160000000,53000000,85000000,586000000,90000000,245000000,643000000,107000000
14,2020-12-31,USD,680000000,654000000,207000000,152000000,654000000,26000000,None,26000000,None,225000000,280000000,55000000,374000000,None,None,17000000,83000000,12000000,55000000,380000000,92000000,138000000,392000000,71000000
15,2020-09-30,USD,613000000,593000000,214000000,196000000,607000000,6000000,None,6000000,None,195000000,240000000,45000000,353000000,None,None,15000000,78000000,32000000,45000000,302000000,54000000,123000000,340000000,46000000
16,2020-06-30,USD,497000000,587000000,317000000,206000000,490000000,7000000,None,7000000,None,196000000,244000000,48000000,343000000,None,None,15000000,47000000,15000000,48000000,207000000,36000000,95000000,228000000,32000000
17,2020-03-31,USD,585000000,645000000,224000000,270000000,563000000,22000000,None,22000000,None,256000000,369000000,113000000,276000000,None,None,15000000,64000000,18000000,113000000,290000000,39000000,177000000,322000000,46000000
18,2019-12-31,USD,443000000,631000000,188000000,134000000,420000000,23000000,None,23000000,None,287000000,418000000,131000000,213000000,None,None,16000000,62000000,18000000,131000000,294000000,51000000,193000000,310000000,44000000
19,2019-09-30,USD,458000000,643000000,185000000,312000000,451000000,7000000,None,7000000,None,291000000,468000000,177000000,175000000,None,None,12000000,56000000,20000000,177000000,261000000,30000000,233000000,277000000,36000000
20,2019-06-30,USD,398000000,586000000,188000000,311000000,392000000,6000000,None,6000000,None,259000000,432000000,173000000,154000000,None,None,12000000,47000000,15000000,173000000,210000000,36000000,220000000,233000000,32000000
21,2019-03-31,USD,501000000,720000000,219000000,294000000,479000000,22000000,None,22000000,None,246000000,408000000,162000000,312000000,None,None,12000000,64000000,15000000,162000000,324000000,48000000,226000000,425000000,49000000
22,2018-12-31,USD,451000000,634000000,183000000,136000000,574000000,-123000000,None,-123000000,None,-78000000,None,142000000,-311000000,None,None,8000000,62000000,19000000,None,290000000,43000000,574000000,313000000,43000000
23,2018-09-30,USD,395000000,558000000,163000000,239000000,325000000,70000000,None,70000000,None,363000000,None,119000000,378000000,None,None,6000000,57000000,18000000,None,258000000,38000000,325000000,274000000,39000000
24,2018-06-30,USD,379000000,553000000,174000000,242000000,304000000,75000000,None,75000000,None,333000000,None,108000000,418000000,None,None,5000000,54000000,13000000,None,258000000,28000000,304000000,271000000,41000000
25,2018-03-31,USD,434000000,621000000,187000000,237000000,358000000,76000000,None,76000000,None,311000000,None,94000000,489000000,None,None,7000000,67000000,21000000,None,319000000,47000000,358000000,346000000,46000000
26,2017-12-31,USD,442000000,593000000,151000000,113000000,344000000,78000000,None,98000000,None,282000000,None,78000000,184000000,None,None,7000000,198000000,200000000,None,164000000,-2000000,344000000,364000000,-2000000
27,2017-09-30,USD,329000000,487000000,158000000,186000000,258000000,71000000,None,71000000,None,243000000,None,61000000,174000000,None,None,6000000,52000000,21000000,None,247000000,32000000,258000000,268000000,31000000
28,2017-06-30,USD,255000000,438000000,183000000,180000000,182000000,73000000,None,73000000,None,206000000,None,51000000,173000000,None,None,6000000,40000000,17000000,None,187000000,29000000,182000000,206000000,23000000
29,2017-03-31,USD,248000000,409000000,161000000,158000000,155000000,70000000,None,93000000,None,177000000,None,35000000,156000000,None,None,6000000,42000000,18000000,None,195000000,28000000,155000000,168000000,24000000
30,2016-12-31,USD,50000000,215000000,165000000,129000000,-41000000,91000000,None,91000000,None,160000000,None,22000000,189000000,None,None,7000000,11000000,7000000,None,21000000,-3000000,-41000000,28000000,4000000
31,2016-09-30,USD,204000000,366000000,162000000,141000000,139000000,65000000,None,65000000,None,157000000,None,21000000,182000000,None,None,6000000,35000000,15000000,None,168000000,20000000,139000000,189000000,20000000
32,2016-06-30,USD,231000000,387000000,156000000,135000000,164000000,67000000,None,67000000,None,144000000,None,18000000,186000000,None,None,6000000,40000000,13000000,None,200000000,24000000,164000000,219000000,27000000
33,2016-03-31,USD,355000000,507000000,152000000,138000000,290000000,65000000,None,65000000,None,145000000,None,18000000,218000000,None,None,6000000,60000000,27000000,None,111000000,39000000,290000000,337000000,33000000
34,2015-12-31,USD,145000000,289000000,144000000,110000000,69000000,76000000,None,76000000,None,136000000,None,18000000,197000000,None,None,6000000,23000000,6000000,None,-81000000,12000000,69000000,129000000,17000000
35,2015-09-30,USD,218000000,375000000,157000000,135000000,156000000,62000000,None,62000000,None,122000000,None,16000000,254000000,None,None,5000000,42000000,20000000,None,-21000000,14000000,156000000,216000000,22000000
36,2015-06-30,USD,258000000,405000000,147000000,135000000,193000000,65000000,None,65000000,None,126000000,None,18000000,224000000,None,None,6000000,42000000,19000000,None,27000000,27000000,193000000,238000000,23000000
37,2015-03-31,USD,-96000000,187000000,283000000,127000000,-159000000,63000000,None,63000000,None,108000000,None,15000000,211000000,139000000,None,5000000,-15000000,-2000000,None,-440000000,-14000000,-159000000,-111000000,-13000000
38,2014-12-31,USD,96303000,229000000,133706000,101824000,29047000,67256000,None,67256000,None,111971000,None,21800000,280607000,None,None,5604000,15092000,8000000,None,-113821000,2000000,29047000,74400000,7092000
39,2014-09-30,USD,63511000,196000000,131593000,126000000,8128000,55383000,None,55383000,None,122371000,None,24200000,56846000,None,None,4624000,12191000,9000000,None,-131156000,-8000000,8128000,39500000,3191000
40,2014-06-30,USD,186151000,321000000,135090000,117000000,126377000,59774000,None,59774000,None,95027000,None,11900000,208371000,None,None,4555000,28161000,13000000,None,-22164000,17000000,126377000,174200000,15161000
41,2014-03-31,USD,232430000,369000000,136764000,122000000,172942000,59488000,None,59488000,None,85883000,None,14300000,136641000,None,None,4896000,36089000,17000000,None,19228000,19000000,172942000,218100000,19089000
42,2013-12-31,USD,51831000,263082000,211111000,118894000,-24069000,75900000,None,76600000,None,78395000,None,13000000,124155000,None,None,5330000,5382000,1761000,None,-237626000,4334000,-24069000,38800000,3621000
43,2013-09-30,USD,208573000,338443000,129870000,112449000,158206000,50367000,None,50367000,None,74000000,None,12200000,120331000,None,None,4475000,26861000,10414000,None,17922000,20077000,158206000,196400000,16447000
44,2013-06-30,USD,147500000,297530000,150030000,136319000,83779000,63721000,None,63721000,None,76070000,None,13600000,138092000,None,None,4470000,24268000,13890000,None,-80141000,6774000,83779000,133900000,10378000
45,2013-03-31,USD,95094000,228945000,133851000,118729000,43323000,51771000,None,51771000,None,70502000,None,12900000,119538000,None,None,4969000,13492000,6935000,None,-97463000,2815000,43323000,82200000,6557000
46,2012-12-31,USD,108671000,259586000,150915000,135300000,25022000,83649000,None,84228000,None,67241000,None,12500000,103074000,None,None,5068000,5776000,-4444000,None,-121449000,19565000,25022000,96200000,10220000
47,2012-09-30,USD,186819000,332798000,145979000,57676000,123054000,63765000,None,63765000,None,65410000,None,14200000,100584000,None,None,9000000,27235000,14747000,None,-37672000,14382000,123054000,195800000,12488000
48,2012-06-30,USD,124640000,277021000,152381000,59801000,59353000,65287000,None,65287000,None,68621000,None,16100000,108071000,None,None,10000000,18961000,10977000,None,-104005000,4278000,59353000,134600000,7984000
49,2012-03-31,USD,168820000,323065000,154245000,62725000,100421000,68399000,None,68399000,None,66576000,None,19200000,100885000,None,None,9900000,19818000,8734000,None,-62558000,13710000,100421000,178800000,11084000
50,2011-12-31,USD,177169000,328693000,151524000,216300,103548000,73621000,None,75825000,None,66229000,None,20735000,109916000,None,None,5071000,20943000,7391000,None,-59606000,12202000,103548000,182727000,13552000
51,2011-09-30,USD,241094000,408863000,167769000,56157000,179201000,61893000,None,61893000,None,73694000,None,23300000,130665000,None,None,9000000,37764000,15270000,None,-3838000,16089000,179201000,250100000,22494000
52,2011-06-30,USD,173581000,321377000,147796000,52600,114265000,59316000,None,59316000,None,79400000,None,24500000,106432000,None,None,9100000,22057000,12496000,None,-46027000,13398000,114265000,182700000,9561000
53,2011-03-31,USD,239719000,385635000,145916000,52400,181912000,57807000,None,57807000,None,58663000,None,17700000,109199000,None,None,9200000,34983000,18732000,None,17264000,17519000,181912000,248900000,16251000
54,2010-12-31,USD,59286000,203640000,144354000,200200,2850000,56436000,None,56436000,None,52537000,None,17376000,97369000,None,None,5167000,6229000,34546000,None,-176182000,-24070000,2850000,69073000,-28317000
55,2010-09-30,USD,177879000,315097000,137218000,49600,122432000,55447000,None,55447000,None,42350000,None,16000000,90144000,None,None,9100000,24237000,13201000,None,-27987000,22067000,122432000,187000000,11036000
56,2010-06-30,USD,89790000,243850000,154060000,49578000,33890000,55900000,None,55900000,None,40968000,None,17800000,107519000,None,None,9200000,11148000,7308000,None,-127478000,181000,33890000,99100000,3840000
57,2010-03-31,USD,160142000,225730000,50458000,50458000,164367000,136500000,None,10905000,None,None,None,15100000,None,None,None,9200000,9117000,5226000,None,None,None,80000000,89200000,3891000
58,2009-12-31,USD,200290200,215701000,118800,118800,1864100,137409000,None,378057300,None,None,None,15292000,None,None,None,5756000,5886000,3947000,None,None,None,72536000,78292000,1939000
59,2009-09-30,USD,271457000,286665000,43000,43000,233800,128400000,None,9800,None,None,None,15100000,None,None,None,10000000,21578000,13168000,None,None,None,148200000,158200000,8410000
60,2009-06-30,USD,332057500,354882000,42500,42500,301200,130000000,None,11200,None,None,None,22800000,None,None,None,9900000,38009000,25191000,None,None,None,215000000,224900000,12818000
