,fiscalDateEnding,reportedCurrency,grossProfit,totalRevenue,costOfRevenue,costofGoodsAndServicesSold,operatingIncome,sellingGeneralAndAdministrative,researchAndDevelopment,operatingExpenses,investmentIncomeNet,netInterestIncome,interestIncome,interestExpense,nonInterestIncome,otherNonOperatingIncome,depreciation,depreciationAndAmortization,incomeBeforeTax,incomeTaxExpense,interestAndDebtExpense,netIncomeFromContinuingOperations,comprehensiveIncomeNetOfTax,ebit,ebitda,netIncome
0,2024-06-30,USD,14009593,17928876,3919283,65713,5627043,7581421,801129,8382550,None,None,None,None,17928876,None,141697,57433,6269260,1368036,None,4901224,4901224,5627043,5684476,4901224
1,2024-03-31,USD,13387723,17598119,4210396,39001,4748347,4812211,3827165,8639376,None,None,None,None,17597912,None,168657,57432,5243501,1106968,None,4136533,4136533,4748347,4805779,4136533
2,2023-12-31,USD,13412940,17452176,4039236,-38485,5159833,7602672,650435,8253107,None,None,None,342409,17303332,None,None,-367047,5681643,1141957,None,4539686,4539686,5159833,4792786,4539686
3,2023-09-30,USD,12837384,16504640,3667256,52545,5905340,6479489,452555,6932044,None,None,None,None,16504640,None,None,164595,6408532,1341352,None,5067180,5067180,5905340,6069935,5067180
4,2023-06-30,USD,12186492,16130396,3943904,80693,4963035,6261505,961952,7223457,None,None,None,None,16130396,335387,162121,162121,5298422,1118582,None,4179840,4179840,4963035,5125156,4179840
5,2023-03-31,USD,11721448,15475083,3753635,86690,4007245,6920486,2999976,7714202,None,None,None,342409,15475083,342409,157314,157314,4349659,943589,None,3406066,3406066,4007246,4164560,3406070
6,2022-12-31,USD,11220378,14863594,3643216,26510,4253845,6361789,604744,6966533,None,None,None,448647,14833587,449734,149581,149581,4703578,1029961,None,3673617,3673617,4253845,4403426,3673617
7,2022-09-30,USD,10542738,13407272,2864534,9403,4132296,5918799,491643,6410442,None,None,None,105183,13407272,105183,142389,142389,4237479,810375,None,3427104,3427104,4132296,4274685,3427104
8,2022-06-30,USD,10139763,12721569,2581806,7570,4166581,5310583,662599,5973182,None,None,None,13102,12721569,13102,142710,142710,4179683,938631,None,3241052,3234925,4166581,4309291,3241052
9,2022-03-31,USD,9379524,12310710,2931186,12254,3074923,5785506,519095,6304601,None,None,None,14915,12315604,-14915,134870,134870,3060008,573295,None,2486713,2475828,3074923,3209793,2486713
10,2021-12-31,USD,9249751,11872860,2623109,66486,3109565,5645335,494851,6140186,None,None,None,None,11833588,3930,135997,455797,3113495,-779172,None,3892667,3888448,3109565,3565362,3892667
11,2021-09-30,USD,8405557,10907302,2501745,-1247,3086885,4837976,480696,5318672,None,None,None,None,10907302,7143,131541,25256,3094028,517767,None,2576261,2573313,3086885,3112141,2576261
12,2021-06-30,USD,7332301,9810423,2478122,54970,1844226,5034396,453679,5488075,None,None,None,None,9810423,13195,137598,25104,1857421,387727,None,1469694,1461655,1844226,1869330,1469694
13,2021-03-31,USD,7062316,9223996,2161680,-1992,1777006,4809493,475817,5285310,None,None,None,None,9223996,-5663,127139,26118,1771343,384494,None,1386849,1381980,1777006,1803124,1386849
14,2020-12-31,USD,6439434,8546043,2106609,-116387,651026,5275690,512718,5788408,None,None,None,None,8529303,13507,127886,24456,664533,27119,None,637414,627740,651026,675482,637414
15,2020-09-30,USD,5741060,7699096,1958036,-6167,784758,4479426,476876,4956302,None,None,None,None,7699096,9352,128513,22999,794110,-280536,None,1074646,1067465,784758,807757,1074646
16,2020-06-30,USD,4930105,6794692,1864587,-92767,-2929110,7376561,482654,7859215,None,None,None,None,6794692,17852,127945,22999,-2911258,-798988,None,-2112270,-2099135,-2929110,-2906111,-2112270
17,2020-03-31,USD,6463811,8677541,2213730,128143,737235,5296294,430282,5726576,None,None,None,None,8677541,98502,126308,22491,835737,-933474,None,1769211,1779644,737235,759726,1769211
18,2019-12-31,USD,8148815,10890653,2741838,-56293,2238916,5530589,379310,5909899,None,None,None,None,10887000,115249,127390,22491,2354165,-887518,None,3241683,3242917,2238916,2261407,3241683
19,2019-09-30,USD,7795091,9963299,2168208,-11193,2518841,4906724,369526,5276250,None,None,None,None,9963299,110064,122834,22491,2628905,174035,None,2454870,2460743,2518841,2541332,2454870
20,2019-06-30,USD,7367308,9225596,1858288,-4929,2375803,4660195,331310,4991505,None,None,None,None,9225596,78025,126653,22490,2453828,364987,None,2088841,2116106,2375803,2398293,2088841
21,2019-03-31,USD,6389766,8437593,2047827,120529,1513845,4523348,352573,4875921,None,None,None,None,8437593,92574,124341,22491,1606419,-239146,None,1845565,1883759,1513845,1536336,1845565
22,2018-12-31,USD,6356900,8339392,1982492,13889,1792842,4196343,367715,4564058,None,None,None,None,8324131,83072,124803,22491,1875914,168901,None,1707013,1739480,1792842,1815333,1707013
23,2018-09-30,USD,5787939,7614655,1826716,24320,1448099,3966257,373583,4339840,None,None,None,None,7614655,42555,121133,22491,1490654,-909619,None,2400273,2422938,1448099,1470590,2400273
24,2018-06-30,USD,5665895,7376785,1710890,12570,1675507,3594400,395988,3990388,None,None,None,None,7376785,27838,115088,22491,1703345,348377,None,1354968,1360129,1675507,1697998,1354968
25,2018-03-31,USD,5416616,7108151,1691535,61011,1087322,3949468,379826,4329294,None,None,None,None,7108151,40072,109371,21860,1127394,286198,None,841196,798116,1087322,1109182,841196
26,2017-12-31,USD,5064747,6704944,1640197,31178,999753,3715435,349559,4064994,None,None,None,None,-16381085,32000,107058,20600,1031753,848115,None,183638,157360,999753,1020353,183638
27,2017-09-30,USD,4381957,5689724,1307767,14362,196062,3803191,382704,4185895,None,None,None,None,5689724,28715,97991,20600,224777,32384,None,192393,196091,196062,216662,192393
28,2017-06-30,USD,4290050,5524364,1234314,30830,327575,3513464,449011,3962475,None,None,None,None,5524364,21138,94354,20600,348713,-8360,None,357073,362413,327575,348175,357073
29,2017-03-31,USD,3774942,5162560,1387618,-7171,-238381,3472033,541290,4013323,None,None,None,None,5162560,29524,63469,20600,-208857,24483,None,-233340,-228160,-238381,-217781,-233340
30,2016-12-31,USD,4686185,5990273,1304088,7643,1505222,2816747,364216,3180963,None,None,None,None,None,9588,61382,2635,1514810,374010,None,1140800,1109345,1505222,1507857,1140800
31,2016-09-30,USD,6267333,7673217,1405884,-67,2593530,3216669,457134,3673803,None,None,None,None,None,-4017,58903,2634,2589513,1029029,None,1560484,1569526,2593530,2596164,1560484
32,2016-06-30,USD,8129838,9868905,1739067,11664,3340053,4497963,291822,4789785,None,None,None,None,None,-4669,56536,5400,3335384,1104133,None,2231251,2258006,3340053,3345453,2231251
33,2016-03-31,USD,7258356,8964153,1705797,74946,3481250,3542770,234336,3777106,None,None,None,None,None,31778,53566,7348,3513028,1231017,None,2282011,2296105,3481250,3488598,2282011
34,2015-12-31,USD,7299278,8799256,1499978,-52382,3352076,3447206,499996,3947202,None,None,None,None,None,-36274,51404,8829,3315801,911095,None,2404706,2385237,3352076,3360905,2404706
35,2015-09-30,USD,6603394,8193616,1590222,61315,3202845,2881987,518562,3400549,None,None,None,None,None,64709,48615,8830,3267554,1400406,None,1867148,1856807,3202845,3211675,1867148
36,2015-06-30,USD,6187116,7609143,1422027,33714,2693718,3089951,403447,3493398,None,None,None,None,None,46135,46127,8830,2739853,969282,None,1770571,1757173,2693718,2702548,1770571
37,2015-03-31,USD,5663525,6991705,1328180,8442,2264511,3056713,342301,3399014,None,None,None,None,None,46815,41790,9519,2311326,823831,None,1487495,1496891,2264511,2274030,1487495
38,2014-12-31,USD,2664808,3583504,918696,25360,225378,2124023,315407,2439430,None,None,None,16000,None,None,40196,9222,170554,-100267,None,270821,249348,225378,234600,270821
39,2014-09-30,USD,2852354,3811947,959593,7040,406308,2142583,303463,2446046,None,None,None,None,None,-8808,35316,9861,397500,160143,None,237357,237357,406308,416169,237357
40,2014-06-30,USD,3830624,4700369,869745,869745,1610121,1995003,225500,2220503,None,None,None,None,None,11631,23831,9861,1621752,602931,None,1018821,1020347,1610121,1619982,1018821
41,2014-03-31,USD,2900871,3557237,656366,656366,824083,1092695,224304,2076788,None,None,None,None,None,None,11214,20768,827535,304168,None,None,525543,824083,844851,523367
42,2013-12-31,USD,2508238,3457026,948788,948788,722854,720579,345615,1785384,None,None,None,None,None,None,31541,41095,681180,207200,None,None,472734,722854,763949,473980
43,2013-09-30,USD,1809984,2479749,669765,669765,355841,640987,299422,1454143,None,None,None,None,None,None,23274,32755,374658,113983,None,None,259872,355841,388596,260675
44,2013-06-30,USD,2007334,2775053,767719,767719,779698,527551,204423,1227636,None,None,None,None,None,None,23828,33194,802438,244129,None,None,553989,779698,812892,558309
